name,ttm,06/30/2023,03/31/2023,12/31/2022,09/30/2022,06/30/2022,03/31/2022,12/31/2021,09/30/2021,06/30/2021,03/31/2021,12/31/2020,09/30/2020,06/30/2020,03/31/2020,12/31/2019,09/30/2019,06/30/2019,03/31/2019,12/31/2018,09/30/2018,06/30/2018,03/31/2018,12/31/2017,09/30/2017,06/30/2017,03/31/2017,12/31/2016,09/30/2016,06/30/2016,03/31/2016,12/31/2015,09/30/2015,06/30/2015,03/31/2015,12/31/2014,09/30/2014,06/30/2014,03/31/2014,12/31/2013,09/30/2013,06/30/2013,03/31/2013,12/31/2012,09/30/2012,06/30/2012,03/31/2012,12/31/2011,09/30/2011,06/30/2011,03/31/2011,12/31/2010,09/30/2010,06/30/2010,03/31/2010,12/31/2009,09/30/2009,06/30/2009,03/31/2009,12/31/2008,09/30/2008,06/30/2008,03/31/2008,12/31/2007,09/30/2007,06/30/2007,03/31/2007,12/31/2006,09/30/2006,06/30/2006,03/31/2006,12/31/2005,09/30/2005,06/30/2005,03/31/2005,12/31/2004,09/30/2004,06/30/2004,03/31/2004,12/31/2003,09/30/2003,06/30/2003,03/31/2003,12/31/2002,09/30/2002,06/30/2002,03/31/2002,12/31/2001,09/30/2001,06/30/2001,03/31/2001,12/31/2000,09/30/2000,06/30/2000,03/31/2000,12/31/1999,09/30/1999,06/30/1999,03/31/1999,12/31/1998,09/30/1998,06/30/1998,03/31/1998,12/31/1997,09/30/1997,06/30/1997,03/31/1997,12/31/1996,09/30/1996,06/30/1996,03/31/1996,12/31/1995,09/30/1995,06/30/1995,03/31/1995,12/31/1994,09/30/1994,06/30/1994,03/31/1994,12/31/1993,09/30/1993,06/30/1993,03/31/1993,12/31/1992,09/30/1992,06/30/1992,03/31/1992,12/31/1991
TotalRevenue,"46,494,000,000","11,845,000,000","11,197,000,000","11,500,000,000","12,082,000,000","9,923,000,000","9,638,000,000","10,483,000,000","10,845,000,000","9,664,000,000","9,971,000,000","9,848,000,000","9,464,000,000","8,985,000,000","7,697,000,000","8,762,000,000","9,079,000,000","8,524,000,000","7,906,000,000","7,626,000,000","8,750,000,000","8,500,000,000","7,837,000,000","8,042,000,000","8,610,000,000","8,108,000,000","7,510,000,000","8,168,000,000","8,527,000,000","7,897,000,000","6,877,000,000","4,692,000,000","4,871,000,000","5,048,000,000","4,389,000,000","4,734,000,000","5,200,000,000","4,815,000,000","4,419,000,000","5,083,000,000","5,172,000,000","4,126,000,000","3,643,000,000","3,944,000,000","4,658,000,000","3,507,000,000","4,185,000,000","4,479,000,000","3,934,000,000","3,874,000,000","10,688,000,000","4,409,000,000","3,888,000,000","3,760,000,000","3,953,000,000","4,272,000,000","3,681,000,000","3,547,000,000","3,575,000,000","3,103,000,000","3,613,000,000","3,834,000,000","3,076,000,000","3,495,000,000","3,642,000,000","3,468,000,000","3,549,000,000","3,469,000,000","3,389,000,000","3,289,000,000","3,181,000,000","3,188,000,000","3,494,000,000","3,258,000,000","3,155,682,000","3,296,739,000","3,072,588,000","3,067,940,000","2,894,858,000","3,165,533,000","2,666,682,000","2,625,826,000","2,231,701,000","2,083,415,000","1,876,005,000","1,624,722,000","1,537,863,000","1,960,003,000","1,533,495,000","1,597,018,000","1,554,171,000","1,243,786,000","1,359,569,000","1,318,821,000","1,344,481,000","1,160,090,000","1,057,500,000","410,400,000","389,000,000","433,300,000","379,642,000","370,100,000","403,500,000","253,700,000","261,443,000","268,900,000","214,400,000","265,900,000","246,398,000","194,900,000","200,000,000","207,700,000","197,700,000","203,900,000","156,600,000","102,600,000","146,500,000","90,700,000","111,800,000","188,400,000","144,900,000","136,100,000","141,600,000","115,200,000","181,400,000","118,400,000","101,900,000","118,100,000"
	TotalPremiumsEarned,"43,244,000,000","10,999,000,000","10,142,000,000","10,551,000,000","11,535,000,000","9,557,000,000","8,746,000,000","9,321,000,000","10,000,000,000","8,813,000,000","8,221,000,000","8,430,000,000","8,765,000,000","8,128,000,000","7,794,000,000","7,935,000,000","8,327,000,000","7,891,000,000","7,137,000,000","7,465,000,000","7,908,000,000","7,664,000,000","7,027,000,000","7,218,000,000","7,807,000,000","7,237,000,000","6,772,000,000","7,059,000,000","7,688,000,000","7,405,000,000","6,597,000,000","4,207,000,000","4,719,000,000","4,360,000,000","3,927,000,000","4,370,000,000","4,754,000,000","4,332,000,000","3,970,000,000","4,363,000,000","4,610,000,000","3,587,000,000","3,096,000,000","3,359,000,000","4,185,000,000","3,309,000,000","3,381,000,000","3,831,000,000","4,042,000,000","3,305,000,000","10,175,000,000","3,572,000,000","3,422,000,000","3,233,000,000","3,277,000,000","3,387,000,000","3,393,000,000","3,266,000,000","3,194,000,000","3,226,000,000","3,609,000,000","3,428,000,000","2,940,000,000","3,057,000,000","3,150,000,000","3,008,000,000","3,082,000,000","3,026,000,000","3,088,000,000","2,906,000,000","2,805,000,000","2,859,000,000","3,091,000,000","2,921,000,000","2,875,887,000","2,894,835,000","2,853,284,000","2,788,678,000","2,599,677,000","2,826,734,000","2,397,525,000","2,306,592,000","2,071,532,000","1,969,409,000","1,925,579,000","1,575,707,000","1,359,809,000","1,763,445,000","1,399,429,000","1,385,187,000","1,369,116,000","1,087,339,000","1,174,782,000","1,167,836,000","1,104,806,000","947,237,000","953,000,000","300,300,000","285,300,000","218,000,000","328,603,000","213,100,000","184,700,000","167,800,000","158,238,000","163,600,000","158,600,000","164,400,000","178,945,000","145,900,000","146,400,000","116,000,000","110,600,000","107,500,000","106,600,000","104,100,000","104,400,000","98,500,000","95,300,000","92,900,000","84,600,000","80,200,000","77,600,000","77,300,000",,,,
		NetPremiumsWritten,"44,934,000,000","11,951,000,000","10,710,000,000","10,234,000,000","12,020,000,000","10,302,000,000","9,199,000,000","9,150,000,000","10,510,000,000","9,546,000,000","8,662,000,000","8,410,000,000","9,078,000,000","8,355,000,000","7,977,000,000","7,997,000,000","8,622,000,000","8,343,000,000","7,313,000,000","7,350,000,000","8,110,000,000","8,015,000,000","7,104,000,000","7,051,000,000","7,902,000,000","7,581,000,000","6,710,000,000","6,938,000,000","7,573,000,000","7,639,000,000","5,995,000,000","4,144,000,000","4,709,000,000","4,784,000,000","4,076,000,000","4,326,000,000","4,729,000,000","4,559,000,000","4,185,000,000","4,216,000,000","4,620,000,000","3,904,000,000","3,296,000,000","3,140,000,000","4,228,000,000","3,644,000,000","3,572,000,000","3,630,000,000","4,042,000,000","3,494,000,000","10,175,000,000","3,422,000,000","3,295,000,000","3,420,000,000","3,571,000,000","3,305,000,000","3,155,000,000","3,415,000,000","3,424,000,000","3,052,000,000","3,276,000,000","3,598,000,000",,,,,,,,,,,,,,,,,,,,,,,,,,,,,,,,,,,,,,,,,,,,,,,,,,,,,,,,,,,,,,,,,,
			GrossPremiumsWritten,,"14,880,000,000","13,004,000,000","12,447,000,000","15,015,000,000","13,047,000,000","11,504,000,000","11,320,000,000","13,055,000,000","11,860,000,000","10,545,000,000","10,249,000,000","11,220,000,000","10,040,000,000","9,752,000,000","9,934,000,000","10,724,000,000","10,355,000,000","9,111,000,000",,,,"8,733,000,000",,,,,,,,,,,,,,,,,,,,,,"5,496,000,000","5,140,000,000","4,787,000,000",,"5,431,000,000","4,949,000,000","10,175,000,000",,,,,,"5,005,000,000","5,117,000,000","4,535,000,000","4,320,000,000","5,220,000,000","5,293,000,000",,,,,,,,,,,,,,,,,,,,,,,,,,,,,,,,,,,,,,,,,,,,,,,,,,,,,,,,,,,,,,,,,,
			CededPremiums,,,,,,,,,,,,,,,,,,,,,,,"-1,629,000,000",,,,,,,,,,,,,,,,,,,,,,"-1,268,000,000","-1,496,000,000","-1,215,000,000",,"-1,389,000,000","-1,455,000,000",,,,,,,"-1,850,000,000","-1,702,000,000","-1,111,000,000","-1,268,000,000","-1,944,000,000","-1,695,000,000",,,,,,,,,,,,,,,,,,,,,,,,,,,,,,,,,,,,,,,,,,,,,,,,,,,,,,,,,,,,,,,,,,
		IncreaseDecreaseInNetUnearnedPremiumReserves,"-1,690,000,000","-952,000,000","-568,000,000","317,000,000","-485,000,000","-745,000,000","-453,000,000","171,000,000","-510,000,000","-733,000,000","-441,000,000","20,000,000","-313,000,000","-227,000,000","-183,000,000","-62,000,000","-295,000,000","-452,000,000","-176,000,000","115,000,000","-202,000,000","-351,000,000","-77,000,000","167,000,000","-95,000,000","-344,000,000","62,000,000","121,000,000","115,000,000","-234,000,000","602,000,000","63,000,000","10,000,000","-424,000,000","-149,000,000","44,000,000","25,000,000","-227,000,000","-215,000,000","147,000,000","-10,000,000","-317,000,000","-200,000,000","219,000,000","-43,000,000","-335,000,000","-191,000,000","201,000,000","147,000,000","-189,000,000","-137,000,000","150,000,000","127,000,000","-187,000,000","-294,000,000","82,000,000","238,000,000","-149,000,000","-230,000,000","174,000,000","333,000,000","-170,000,000",,,,,,,,,,,,,,,,,,,,,,,,,,,,,,,,,,,,,,,,,,,,,,,,,,,,,,,,,,,,,,,,,,
	NetInvestmentIncome,"4,013,000,000","1,157,000,000","1,132,000,000","1,127,000,000","912,000,000","870,000,000","791,000,000","843,000,000","866,000,000","884,000,000","863,000,000","847,000,000","840,000,000","827,000,000","861,000,000","882,000,000","852,000,000","863,000,000","865,000,000","843,000,000","815,000,000","818,000,000","808,000,000","824,000,000","803,000,000","768,000,000","745,000,000","738,000,000","839,000,000","706,000,000","674,000,000","484,000,000","519,000,000","554,000,000","538,000,000","533,000,000","562,000,000","544,000,000","542,000,000","558,000,000","518,000,000","471,000,000","468,000,000","502,000,000","533,000,000","537,000,000","544,000,000","565,000,000","564,000,000","569,000,000","544,000,000","532,000,000","516,000,000","518,000,000","504,000,000","512,000,000","511,000,000","506,000,000","502,000,000","521,000,000","520,000,000","532,000,000","489,000,000","504,000,000","492,000,000","471,000,000","451,000,000","428,000,000","414,000,000","390,000,000","369,000,000","354,000,000","320,000,000","305,000,000","283,647,000","274,433,000","251,396,000","237,060,000","237,920,000","229,293,000","214,689,000","211,947,000","206,412,000","201,462,000","199,740,000","200,804,000","203,935,000","192,263,000","192,909,000","196,267,000","204,430,000","209,307,000","197,584,000","181,029,000","182,935,000",,,,,,,,,,,,,,,,,,,,,,,,,,,,,,,,,
	NetRealizedGainLossOnInvestments,"-683,000,000","-304,000,000","-77,000,000","-178,000,000","-365,000,000","-504,000,000","101,000,000","319,000,000","-21,000,000","-33,000,000","887,000,000","571,000,000","-141,000,000","30,000,000","-958,000,000","-55,000,000","-100,000,000","-230,000,000","-96,000,000","-682,000,000","27,000,000","18,000,000","2,000,000","0","-2,000,000","103,000,000","-7,000,000","371,000,000","112,000,000","-214,000,000","-394,000,000","1,000,000","-367,000,000","134,000,000","-76,000,000","-169,000,000","-116,000,000","-61,000,000","-93,000,000","162,000,000","44,000,000","68,000,000","79,000,000","83,000,000","-60,000,000","-394,000,000","260,000,000","83,000,000","-760,000,000","-73,000,000","-45,000,000","305,000,000","-50,000,000","9,000,000","168,000,000","172,000,000","-223,000,000","-225,000,000","-121,000,000","-644,000,000","-510,000,000","-126,000,000","-353,000,000","-66,000,000","0","-11,000,000","16,000,000","15,000,000","-113,000,000","-7,000,000","7,000,000","-25,000,000","83,000,000","32,000,000","-3,852,000","127,471,000","-32,092,000","42,202,000","57,261,000","128,252,000","57,556,000","106,561,000","-40,089,000","-88,205,000","-235,282,000","-139,721,000","-25,881,000","4,295,000","-58,843,000","15,564,000","-19,375,000","-52,860,000","-12,797,000","-30,044,000","56,740,000",,,,,,,,,,,,,,,,,,,,,,,,,,,,,,,,,
	InterestIncome,"64,000,000","12,000,000","17,000,000","21,000,000","14,000,000",,"3,000,000","3,000,000","3,000,000","3,000,000","2,000,000","3,000,000","4,000,000","3,000,000","9,000,000","6,000,000","7,000,000",,,,,,,,,,,,,,,,,,,,,,,,,,,,,,,,,,,,,,,,,,,,,,,,,,,,,,,,,,,,,,,,,,,,,,,,,,,,,,,,,,,,,,,,,,,,,,,,,,,,,,,,,,,,,,,
	NetForeignExchangeGainLoss,"-6,000,000","-186,000,000","131,000,000","-148,000,000","198,000,000",,"75,000,000",,,,,,,,,,,,,,,,,,,,,,,,,,,,,,,,,,,,,,,,,,,,,,,,,,,,,,,,,,,,,,,,,,,,,,,,,,,,,,,,,,,,,,,,,,,,,,,,,,,,,,,,,,,,,,,,,,,,,,,,,
	FeeRevenueAndOtherIncome,,"-7,000,000","-115,000,000",,,,,,,,,,,,,,,,,,,,,,,,,,,,,,,,,,,,,,,,,,"-50,000,000","55,000,000",,,"88,000,000","73,000,000","14,000,000",,,,"4,000,000",,,,,,"-6,000,000",,,,,,,,,,,,,,,,,,,"-18,746,000","-3,088,000","726,000","-6,154,000","749,000","-14,032,000","-12,068,000",,,,,,,,,,,"104,500,000","110,100,000","103,700,000","215,300,000",,"157,000,000","218,800,000","85,900,000",,"105,300,000","55,800,000","101,500,000",,"49,000,000","53,600,000","91,700,000","87,100,000","96,400,000","50,000,000","-1,500,000","42,100,000","-7,800,000","16,500,000","95,500,000","60,300,000","55,900,000","64,000,000","37,900,000",,,,
		OtherIncomeExpense,,"-7,000,000","-115,000,000",,,,,,,,,,,,,,,,,,,,,,,,,,,,,,,,,,,,,,,,,,"-50,000,000","55,000,000",,,"88,000,000","73,000,000","14,000,000",,,,"4,000,000",,,,,,"-6,000,000",,,,,,,,,,,,,,,,,,,"-18,746,000","-3,088,000","726,000","-6,154,000","749,000","-14,032,000","-12,068,000",,,,,,,,,,,"104,500,000","110,100,000","103,700,000","215,300,000",,"157,000,000","218,800,000","85,900,000",,"105,300,000","55,800,000","101,500,000",,"49,000,000","53,600,000","91,700,000","87,100,000","96,400,000","50,000,000","-1,500,000","42,100,000","-7,800,000","16,500,000","95,500,000","60,300,000","55,900,000","64,000,000","37,900,000",,,,
TotalExpenses,"39,252,000,000","9,860,000,000","9,283,000,000","9,846,000,000","11,005,000,000","8,415,000,000","7,309,000,000","7,938,000,000","8,794,000,000","8,636,000,000","8,313,000,000","7,096,000,000","8,128,000,000","9,378,000,000","7,230,000,000","7,420,000,000","7,758,000,000","7,166,000,000","6,678,000,000","7,112,000,000","7,336,000,000","6,988,000,000","6,620,000,000","6,891,000,000","8,765,000,000","6,603,000,000","6,289,000,000","6,299,000,000","6,890,000,000","7,016,000,000","6,314,000,000","3,942,000,000","4,211,000,000","3,963,000,000","3,588,000,000","3,947,000,000","4,239,000,000","3,903,000,000","3,592,000,000","3,997,000,000","4,101,000,000","3,245,000,000","2,782,000,000","3,583,000,000","3,871,000,000","3,031,000,000","3,102,000,000","3,607,000,000","3,800,000,000","3,389,000,000","10,332,000,000","3,275,000,000","3,053,000,000","2,935,000,000","3,074,000,000","3,111,000,000","3,093,000,000","2,911,000,000","2,883,000,000","2,996,000,000","2,528,000,000","2,951,000,000","2,546,000,000","2,782,000,000","2,846,000,000","2,654,000,000","2,719,000,000","2,680,000,000","2,681,000,000","2,582,000,000","2,562,000,000","2,948,000,000","3,591,000,000","2,663,000,000","2,602,871,000","3,043,263,000","3,022,050,000","2,526,548,000","2,325,492,000","2,650,126,000","2,244,771,000","2,167,189,000","1,931,827,000","2,405,007,000","1,939,849,000","1,500,146,000","1,316,142,000","1,961,291,000","2,052,430,000","1,447,251,000","1,386,133,000","1,110,441,000","1,194,384,000","1,187,974,000","1,136,968,000","2,067,143,000","386,000,000","76,700,000","93,600,000","73,700,000","694,651,000","55,500,000","47,300,000","31,700,000","460,589,000","27,500,000","31,200,000","29,900,000","493,865,000","22,000,000","22,000,000","21,200,000","20,400,000","18,600,000","17,500,000","16,100,000","16,400,000","15,200,000","16,000,000","15,200,000","13,200,000","12,500,000","13,700,000","12,900,000",,,,
	LossAdjustmentExpense,"24,415,000,000","5,683,000,000","5,148,000,000","5,868,000,000","7,231,000,000","5,408,000,000","4,787,000,000","5,292,000,000","6,629,000,000","5,006,000,000","5,053,000,000","4,813,000,000","5,835,000,000","6,577,000,000","4,485,000,000","4,865,000,000","5,052,000,000","4,715,000,000","4,098,000,000","4,610,000,000","4,868,000,000","4,487,000,000","4,102,000,000","4,272,000,000","6,247,000,000","4,146,000,000","3,789,000,000","3,855,000,000","4,269,000,000","4,254,000,000","3,674,000,000","2,302,000,000","2,643,000,000","2,417,000,000","2,122,000,000","2,416,000,000","2,684,000,000","2,388,000,000","2,161,000,000","2,517,000,000","2,655,000,000","2,105,000,000","1,769,000,000","2,535,000,000","2,883,000,000","1,968,000,000","1,951,000,000","2,405,000,000","2,615,000,000","2,079,000,000","2,135,000,000","2,061,000,000","1,980,000,000","1,887,000,000","2,008,000,000","1,969,000,000","1,964,000,000","1,899,000,000","1,915,000,000","1,916,000,000","2,460,000,000","1,984,000,000","1,642,000,000","1,740,000,000","1,988,000,000","1,826,000,000","1,896,000,000","1,856,000,000","1,847,000,000","1,782,000,000","1,708,000,000","2,170,000,000","2,839,000,000","1,881,000,000","1,820,600,000","2,250,758,000","2,282,494,000","1,768,674,000","1,584,321,000","1,901,207,000","1,563,002,000","1,502,938,000","1,331,332,000","1,816,738,000","1,387,489,000","984,260,000","876,141,000","1,447,413,000","1,571,333,000","982,993,000","951,946,000","679,584,000","772,887,000","768,111,000","715,483,000",,,,,,,,,,,,,,,,,,,,,,,,,,,,,,,,,
		NetPolicyholderBenefitsAndClaims,"24,415,000,000","5,683,000,000","5,148,000,000","5,868,000,000","7,231,000,000","5,408,000,000","4,787,000,000","5,292,000,000","6,629,000,000","5,006,000,000","5,053,000,000","4,813,000,000","5,835,000,000","6,577,000,000","4,485,000,000","4,865,000,000","5,052,000,000","4,715,000,000","4,098,000,000","4,610,000,000","4,868,000,000","4,487,000,000","4,102,000,000","4,272,000,000","6,247,000,000","4,146,000,000","3,789,000,000","3,855,000,000","4,269,000,000","4,254,000,000","3,674,000,000","2,302,000,000","2,643,000,000","2,417,000,000","2,122,000,000","2,416,000,000","2,684,000,000","2,388,000,000","2,161,000,000","2,517,000,000","2,655,000,000","2,105,000,000","1,769,000,000","2,535,000,000","2,883,000,000","1,968,000,000","1,951,000,000","2,405,000,000","2,615,000,000","2,079,000,000","2,135,000,000","2,061,000,000","1,980,000,000","1,887,000,000","2,008,000,000","1,969,000,000","1,964,000,000","1,899,000,000","1,915,000,000","1,916,000,000","2,460,000,000","1,984,000,000","1,642,000,000","1,740,000,000","1,988,000,000","1,826,000,000","1,896,000,000","1,856,000,000","1,847,000,000","1,782,000,000","1,708,000,000","2,170,000,000","2,839,000,000","1,881,000,000","1,820,600,000","2,250,758,000","2,282,494,000","1,768,674,000","1,584,321,000","1,901,207,000","1,563,002,000","1,502,938,000","1,331,332,000","1,816,738,000","1,387,489,000","984,260,000","876,141,000","1,447,413,000","1,571,333,000","982,993,000","951,946,000","679,584,000","772,887,000","768,111,000","715,483,000",,,,,,,,,,,,,,,,,,,,,,,,,,,,,,,,,
			PolicyholderBenefitsGross,"24,415,000,000","5,683,000,000","5,148,000,000","5,868,000,000","7,231,000,000","5,408,000,000","4,787,000,000","5,292,000,000","6,629,000,000","5,006,000,000","5,053,000,000","4,813,000,000","5,835,000,000","6,577,000,000","4,485,000,000","4,865,000,000","5,052,000,000","4,715,000,000","4,098,000,000","4,610,000,000","4,868,000,000","4,487,000,000","4,102,000,000","4,272,000,000","6,247,000,000","4,146,000,000","3,789,000,000","3,855,000,000","4,269,000,000","4,254,000,000","3,674,000,000","2,302,000,000","2,643,000,000","2,417,000,000","2,122,000,000","2,416,000,000","2,684,000,000","2,388,000,000","2,161,000,000","2,517,000,000","2,655,000,000","2,250,000,000","1,926,000,000",,,,,,,,,,,,,,,,,,,,,,,,,,,,,,,,,,,,,,,,,,,,,,,,,,,,,,,,,,,,,,,,,,,,,,,,,,,,,,,,,,,,,
	PolicyholderInterest,"2,373,000,000","830,000,000","797,000,000","702,000,000","553,000,000","159,000,000","145,000,000","196,000,000","151,000,000","185,000,000","167,000,000","234,000,000","198,000,000","223,000,000","129,000,000","225,000,000","158,000,000","161,000,000","196,000,000","162,000,000","127,000,000","150,000,000","151,000,000","176,000,000","169,000,000","163,000,000","168,000,000","161,000,000","155,000,000","146,000,000","126,000,000","159,000,000","89,000,000","153,000,000","142,000,000","134,000,000","125,000,000","144,000,000","114,000,000","136,000,000","138,000,000","110,000,000","131,000,000",,,,,,,,,,,,,,,,,,,,,,,,,,,,,,,,,,,,,,,,,,,,,,,,,,,,,,,,,,,,,,,,,,,,,,,,,,,,,,,,,,,,,
	PolicyAcquisitionExpense,"7,911,000,000","2,016,000,000","1,948,000,000","1,941,000,000","1,975,000,000","1,739,000,000","1,737,000,000","1,777,000,000","1,778,000,000","1,698,000,000","1,665,000,000","1,694,000,000","1,645,000,000","1,593,000,000","1,615,000,000","1,542,000,000","1,603,000,000","1,544,000,000","1,464,000,000","1,480,000,000","1,504,000,000","1,464,000,000","1,464,000,000","1,447,000,000","1,488,000,000","1,449,000,000","1,397,000,000","1,417,000,000","1,514,000,000","1,560,000,000","1,413,000,000","736,000,000","771,000,000","727,000,000","707,000,000","764,000,000","825,000,000","758,000,000","728,000,000","702,000,000","678,000,000","570,000,000","534,000,000","546,000,000","529,000,000","531,000,000","582,000,000","622,000,000","596,000,000","538,000,000","494,000,000","640,000,000","607,000,000","536,000,000","554,000,000","559,000,000","567,000,000","523,000,000","481,000,000","517,000,000","581,000,000","569,000,000","468,000,000","457,000,000","463,000,000","434,000,000","417,000,000","425,000,000","441,000,000","428,000,000","421,000,000","427,000,000","426,000,000","429,000,000","388,614,000","411,456,000","386,082,000","395,775,000","364,914,000","383,696,000","344,066,000","333,282,000","295,894,000","275,672,000","253,013,000","234,208,000","197,795,000","225,668,000","204,666,000","187,640,000","166,690,000","168,113,000","168,258,000","163,728,000","150,642,000","134,576,000","137,700,000","31,500,000","34,400,000","27,800,000","54,754,000","19,900,000","16,800,000","14,200,000","10,157,000","10,700,000","11,900,000","14,100,000","15,954,000","12,300,000","12,500,000","12,100,000","11,600,000","11,400,000","11,900,000","11,800,000","11,700,000","11,700,000","11,400,000","11,100,000","10,300,000","9,900,000","9,500,000","9,500,000",,,,
	UnderwritingExpenses,,,,,,,,,,,,,,,,,,,,,,,,,,,,,,,,,,,,,,,,,,,,,,,,,,"304,000,000",,,,,,,,,,,,,,,,,,,,,,,,,,,,,,,,,,,,,,,,,,,,,,,,,,,,,,,,,,,,,,,,,,,,,,,,,,,,,,
	SellingGeneralAndAdministration,"3,698,000,000","969,000,000","930,000,000","916,000,000","883,000,000","818,000,000","778,000,000","811,000,000","806,000,000","775,000,000","744,000,000","778,000,000","733,000,000","727,000,000","741,000,000","810,000,000","752,000,000","758,000,000","710,000,000","728,000,000","719,000,000","747,000,000","692,000,000","737,000,000","714,000,000","706,000,000","676,000,000","708,000,000","772,000,000","829,000,000","772,000,000","570,000,000","568,000,000","578,000,000","554,000,000","590,000,000","554,000,000","566,000,000","535,000,000","570,000,000","563,000,000","478,000,000","429,000,000","462,000,000","438,000,000","436,000,000","510,000,000","526,000,000","440,000,000","443,000,000","426,000,000","502,000,000","433,000,000","463,000,000","460,000,000","486,000,000","451,000,000","454,000,000","420,000,000","444,000,000","457,000,000","461,000,000","375,000,000","385,000,000","358,000,000","356,000,000","356,000,000","365,000,000","353,000,000","340,000,000","398,000,000","301,000,000","308,000,000","316,000,000","355,537,000","337,268,000","325,629,000","309,797,000","314,905,000","320,756,000","293,355,000","287,288,000","259,672,000","265,736,000","250,668,000","229,726,000","196,204,000","222,215,000","207,389,000","207,106,000","193,293,000","187,907,000","177,912,000","182,864,000","194,008,000","198,136,000","201,300,000","41,100,000","54,700,000","41,200,000","93,512,000","30,600,000","26,600,000","17,500,000","14,491,000","16,800,000","19,300,000","15,800,000","13,087,000","9,700,000","9,500,000","9,100,000","8,800,000","7,200,000","5,600,000","4,300,000","4,700,000","3,500,000","4,600,000","4,100,000","2,900,000","2,600,000","4,200,000","3,400,000",,,,
		GeneralAndAdministrativeExpense,"3,698,000,000","969,000,000","930,000,000","916,000,000","883,000,000","818,000,000","778,000,000","811,000,000","806,000,000","775,000,000","744,000,000","778,000,000","733,000,000","727,000,000","741,000,000","810,000,000","752,000,000","758,000,000","710,000,000","728,000,000","719,000,000","747,000,000","692,000,000","737,000,000","714,000,000","706,000,000","676,000,000","708,000,000","772,000,000","829,000,000","772,000,000","570,000,000","568,000,000","578,000,000","554,000,000","590,000,000","554,000,000","566,000,000","535,000,000","570,000,000","563,000,000","478,000,000","429,000,000","462,000,000",,,,,,,,,,,,,,,,,,"461,000,000","375,000,000","385,000,000","358,000,000","356,000,000","356,000,000","365,000,000","353,000,000","340,000,000",,"301,000,000","308,000,000","316,000,000","355,537,000","337,268,000","325,629,000","309,797,000","314,905,000","320,756,000","293,355,000","287,288,000","259,672,000","265,736,000","250,668,000","229,726,000","196,204,000","222,215,000","207,389,000","207,106,000","193,293,000","187,907,000","177,912,000","182,864,000","194,008,000","198,136,000","201,300,000","41,100,000","54,700,000","41,200,000","93,512,000","30,600,000","26,600,000","17,500,000","14,491,000","16,800,000","19,300,000","15,800,000","13,087,000","9,700,000","9,500,000","9,100,000","8,800,000","7,200,000","5,600,000","4,300,000","4,700,000","3,500,000","4,600,000","4,100,000","2,900,000","2,600,000","4,200,000","3,400,000",,,,
			SalariesAndWages,,,,,,,,,,,,,,,,,,,,,,,,,,,,,,,,,,,,,,,,,,,,,,,,,,,,,,,,,,,,,,"461,000,000","375,000,000","385,000,000","358,000,000","356,000,000","356,000,000","365,000,000","353,000,000","340,000,000",,"301,000,000","308,000,000","316,000,000","355,537,000","337,268,000","325,629,000","309,797,000","314,905,000","320,756,000","293,355,000","287,288,000","259,672,000","265,736,000","250,668,000","229,726,000","196,204,000","228,588,000","207,389,000","207,106,000","193,293,000","187,907,000","177,912,000","182,864,000","194,008,000","198,100,000","201,300,000","41,100,000","54,700,000","41,200,000","93,500,000","30,600,000","26,600,000","17,500,000","14,500,000","16,800,000","19,300,000","15,800,000","13,100,000","9,700,000","9,500,000","9,100,000","8,800,000","7,200,000","5,600,000","4,300,000","4,700,000","3,500,000","4,600,000","4,100,000","2,900,000","2,600,000","4,200,000","3,400,000",,,,
			OtherGandA,"3,698,000,000","969,000,000","930,000,000","916,000,000","883,000,000","818,000,000","778,000,000","811,000,000","806,000,000","775,000,000","744,000,000","778,000,000","733,000,000","727,000,000","741,000,000","810,000,000","752,000,000","758,000,000","710,000,000","728,000,000","719,000,000","747,000,000","692,000,000","737,000,000","714,000,000","706,000,000","676,000,000","708,000,000","772,000,000","829,000,000","772,000,000","570,000,000","568,000,000","578,000,000","554,000,000","590,000,000","554,000,000","566,000,000","535,000,000","570,000,000","563,000,000","478,000,000","429,000,000","462,000,000",,,,,,,,,,,,,,,,,,,,,,,,,,,,,,,,,,,,,,,,,,,,,,,,,,,,,,,,,,,,,,,,,,,,,,,,,,,,,,,,,,,,
	DepreciationAndAmortizationInIncomeStatement,"285,000,000","70,000,000","72,000,000","74,000,000","69,000,000","71,000,000","71,000,000","71,000,000","71,000,000","73,000,000","72,000,000","73,000,000","72,000,000","72,000,000","73,000,000","76,000,000","76,000,000","77,000,000","76,000,000","86,000,000","83,000,000","85,000,000","85,000,000","66,000,000","65,000,000","65,000,000","64,000,000","3,000,000","4,000,000","5,000,000","7,000,000","35,000,000","51,000,000","55,000,000","30,000,000","30,000,000","27,000,000","30,000,000","21,000,000","27,000,000","30,000,000","23,000,000","15,000,000",,,,,,,,,,,,,,,,,,,,,,,,,,,,,,,,,,,,,,,,,,"0","0","0","19,907,000","19,912,000","19,872,000","19,880,000","19,931,000","19,919,000","19,324,000","19,646,000",,,,,,,,,,,,,,,,,,,,,,,,,,,,,,,,,
		Amortization,"285,000,000","70,000,000","72,000,000","74,000,000","69,000,000","71,000,000","71,000,000","71,000,000","71,000,000","73,000,000","72,000,000","73,000,000","72,000,000","72,000,000","73,000,000","76,000,000","76,000,000","77,000,000","76,000,000","86,000,000","83,000,000","85,000,000","85,000,000","66,000,000","65,000,000","65,000,000","64,000,000","3,000,000","4,000,000","5,000,000","7,000,000","35,000,000","51,000,000","55,000,000","30,000,000","30,000,000","27,000,000","30,000,000","21,000,000","27,000,000","30,000,000","23,000,000","15,000,000",,,,,,,,,,,,,,,,,,,,,,,,,,,,,,,,,,,,,,,,,,"0","0","0","19,907,000","19,912,000","19,872,000","19,880,000","19,931,000","19,919,000","19,324,000","19,646,000",,,,,,,,,,,,,,,,,,,,,,,,,,,,,,,,,
	NetNonOperatingInterestIncomeExpense,"-629,000,000","-165,000,000","-160,000,000","-154,000,000","-150,000,000","-134,000,000","-132,000,000","-126,000,000","-122,000,000","-122,000,000","-122,000,000","-126,000,000","-130,000,000","-128,000,000","-132,000,000","-134,000,000","-138,000,000","-140,000,000","-140,000,000","-153,000,000","-164,000,000","-167,000,000","-157,000,000","-156,000,000","-150,000,000","-147,000,000","-154,000,000","-154,000,000","-152,000,000","-153,000,000","-146,000,000","-93,000,000","-68,000,000","-71,000,000","-68,000,000","-67,000,000","-70,000,000","-72,000,000","-71,000,000","-70,000,000","-72,000,000","-69,000,000","-56,000,000","-60,000,000","-63,000,000","-62,000,000","-62,000,000","-63,000,000","-62,000,000","-62,000,000","-63,000,000","-62,000,000","-58,000,000","-52,000,000","-52,000,000","-56,000,000","-60,000,000","-56,000,000","-53,000,000","-54,000,000","-68,000,000","-62,000,000","-46,000,000","-43,000,000","-44,000,000","-42,000,000","-46,000,000","-42,000,000","-46,000,000","-45,000,000","-43,000,000","-46,000,000","-43,000,000","-43,000,000","-42,679,000","-43,316,000","-48,997,000","-46,399,000","-44,272,000","-44,467,000","-44,348,000","-43,681,000","-44,929,000","-46,861,000","-48,679,000","-51,952,000","-46,002,000","-46,088,000","-49,130,000","-49,640,000","-54,324,000","-54,906,000","-55,408,000","-53,947,000","-57,189,000","-52,438,000","-44,100,000","-4,100,000","-4,500,000","-4,700,000","-16,659,000","-5,000,000","-3,900,000",,,,,,,,,,,,,,,,,,,,,,,,,
		InterestExpenseNonOperating,"629,000,000","165,000,000","160,000,000","154,000,000","150,000,000","134,000,000","132,000,000","126,000,000","122,000,000","122,000,000","122,000,000","126,000,000","130,000,000","128,000,000","132,000,000","134,000,000","138,000,000","140,000,000","140,000,000","153,000,000","164,000,000","167,000,000","157,000,000","156,000,000","150,000,000","147,000,000","154,000,000","154,000,000","152,000,000","153,000,000","146,000,000","93,000,000","68,000,000","71,000,000","68,000,000","67,000,000","70,000,000","72,000,000","71,000,000","70,000,000","72,000,000","69,000,000","56,000,000","60,000,000","63,000,000","62,000,000","62,000,000","63,000,000","62,000,000","62,000,000","63,000,000","62,000,000","58,000,000","52,000,000","52,000,000","56,000,000","60,000,000","56,000,000","53,000,000","54,000,000","68,000,000","62,000,000","46,000,000","43,000,000","44,000,000","42,000,000","46,000,000","42,000,000","46,000,000","45,000,000","43,000,000","46,000,000","43,000,000","43,000,000","42,679,000","43,316,000","48,997,000","46,399,000","44,272,000","44,467,000","44,348,000","43,681,000","44,929,000","46,861,000","48,679,000","51,952,000","46,002,000","46,088,000","49,130,000","49,640,000","54,324,000","54,906,000","55,408,000","53,947,000","57,189,000","52,438,000","44,100,000","4,100,000","4,500,000","4,700,000","16,659,000","5,000,000","3,900,000",,,,,,,,,,,,,,,,,,,,,,,,,
	IncomefromAssociatesandOtherParticipatingInterests,"185,000,000","120,000,000","340,000,000","-176,000,000","-115,000,000",,"361,000,000","360,000,000","802,000,000","774,000,000","497,000,000","584,000,000","479,000,000","-73,000,000","29,000,000","264,000,000","81,000,000","219,000,000","-4,000,000","160,000,000","178,000,000","117,000,000","44,000,000","116,000,000","103,000,000","146,000,000","53,000,000","169,000,000","79,000,000","31,000,000","-15,000,000","-6,000,000","46,000,000","40,000,000","33,000,000","65,000,000","67,000,000","44,000,000","55,000,000","38,000,000","32,000,000","14,000,000","35,000,000",,,,,,,,,,,,,,,,,,,,,,,,,,,,,,,,,,,,,,,,,,,,,,,,,,,,,,,,,,,,,,,,,,,,,,,,,,,,,,,,,,,,,
	SpecialIncomeCharges,"-82,000,000","-15,000,000","-22,000,000","-22,000,000","-23,000,000","-3,000,000","-31,000,000","-3,000,000","-24,000,000","-15,000,000","-4,000,000","50,000,000","24,000,000","40,000,000","-56,000,000","-14,000,000","-2,000,000","-4,000,000","-3,000,000","-20,000,000","-16,000,000","-13,000,000","-10,000,000","-77,000,000","-50,000,000","-72,000,000","-111,000,000","-131,000,000","-115,000,000","-98,000,000","-148,000,000","-25,000,000","-9,000,000","-1,000,000","-2,000,000","-5,000,000","-4,000,000","-2,000,000","-4,000,000","-1,000,000","-1,000,000","-2,000,000","0",,,,,,,,,,,,,,,,,,,,,,,,,,,,,,,,,,,,,,,,,,,,,,,,,,,,,,"-2,900,000",,,,,,,,,,,,,,,,,,,,,,,,,,,,,,,
		RestructuringAndMergernAcquisition,"82,000,000","15,000,000","22,000,000","22,000,000","23,000,000","3,000,000",,,,,,"0","0","0","0","14,000,000","2,000,000","4,000,000","3,000,000","20,000,000","16,000,000","13,000,000","10,000,000","77,000,000","50,000,000","72,000,000","111,000,000","131,000,000","115,000,000","98,000,000","148,000,000","25,000,000","9,000,000","1,000,000","2,000,000","5,000,000","4,000,000","2,000,000","4,000,000","1,000,000","1,000,000","2,000,000","0",,,,,,,,,,,,,,,,,,,,,,,,,,,,,,,,,,,,,,,,,,,,,,,,,,,,,,,,,,,,,,,,,,,,,,,,,,,,,,,,,,,,,
		OtherSpecialCharges,,,,,,"-18,000,000","31,000,000","3,000,000","24,000,000","15,000,000","4,000,000","-50,000,000","-24,000,000","-40,000,000","56,000,000","-24,000,000","7,000,000",,,,,,,,,,,,,,,,,,,,,,,,,,,,,,,,,,,,,,,,,,,,,,,,,,,,,,,,,,,,,,,,,,,,,,,,,,,,,,,,,,,,,,,,,,,,,,,,,,,,,,,,,,,,,,,
	OtherOperatingExpenses,"44,000,000","112,000,000","206,000,000","169,000,000","6,000,000","83,000,000","-341,000,000","-338,000,000","-787,000,000","762,000,000","486,000,000","-572,000,000","-461,000,000","98,000,000","-1,000,000","-246,000,000","-23,000,000","-14,000,000","-13,000,000","-127,000,000","-145,000,000","-125,000,000","3,000,000","-40,000,000","-118,000,000","-145,000,000","-70,000,000","-130,000,000","-91,000,000","-29,000,000","28,000,000","16,000,000","12,000,000","17,000,000","-5,000,000","6,000,000","-19,000,000","-25,000,000","-17,000,000","12,000,000","-5,000,000","23,000,000","-6,000,000","-20,000,000","-42,000,000","34,000,000","-3,000,000","-9,000,000","87,000,000","-37,000,000","7,214,000,000","10,000,000","-25,000,000","-3,000,000","-4,000,000","41,000,000","51,000,000","-21,000,000","14,000,000","65,000,000","6,000,000","-125,000,000","15,000,000","157,000,000","-7,000,000","-4,000,000","4,000,000","-8,000,000","-6,000,000","-13,000,000","-8,000,000","4,000,000","-25,000,000","-6,000,000","-4,559,000","465,000","-21,152,000","5,903,000","17,080,000",,,,,,,,,,,,,,,,,,,,,,,,,,,,,,,,,,,,,,,,,,,,,,,,,
PretaxIncome,"7,242,000,000","1,985,000,000","1,914,000,000","1,654,000,000","1,077,000,000","1,508,000,000","2,329,000,000","2,545,000,000","2,051,000,000","1,028,000,000","1,658,000,000","2,752,000,000","1,336,000,000","-393,000,000","467,000,000","1,342,000,000","1,321,000,000","1,358,000,000","1,228,000,000","514,000,000","1,414,000,000","1,512,000,000","1,217,000,000","1,151,000,000","-155,000,000","1,505,000,000","1,221,000,000","1,869,000,000","1,637,000,000","881,000,000","563,000,000","750,000,000","660,000,000","1,085,000,000","801,000,000","787,000,000","961,000,000","912,000,000","827,000,000","1,086,000,000","1,071,000,000","881,000,000","861,000,000","361,000,000","787,000,000","476,000,000","1,083,000,000","872,000,000","134,000,000","485,000,000","356,000,000","1,134,000,000","835,000,000","825,000,000","879,000,000","1,161,000,000","588,000,000","636,000,000","692,000,000","107,000,000","61,000,000","883,000,000","530,000,000","713,000,000","796,000,000","814,000,000","830,000,000","789,000,000","708,000,000","707,000,000","619,000,000","240,000,000","-97,000,000","595,000,000","552,811,000","253,476,000","50,538,000","541,392,000","569,366,000","515,407,000","421,911,000","458,637,000","299,874,000","-321,592,000","-63,844,000","124,576,000","221,721,000","-1,288,000","-518,935,000","149,767,000","168,038,000","133,345,000","165,185,000","130,847,000","207,513,000","393,647,000","0","0","0","0","580,191,000","0","0",,,,,,,,,,,,,,,,,,,,,,,,,
TaxProvision,"1,387,000,000","392,000,000","384,000,000","342,000,000","265,000,000","293,000,000","355,000,000","404,000,000","218,000,000","317,000,000","338,000,000","334,000,000","142,000,000","-62,000,000","215,000,000","169,000,000","230,000,000","208,000,000","188,000,000","159,000,000","183,000,000","218,000,000","135,000,000","-382,000,000","-85,000,000","200,000,000","128,000,000","259,000,000","277,000,000","155,000,000","124,000,000","67,000,000","132,000,000","143,000,000","120,000,000","232,000,000","176,000,000","133,000,000","93,000,000","88,000,000","155,000,000","105,000,000","109,000,000","-149,000,000","147,000,000","148,000,000","110,000,000","122,000,000","165,000,000","-122,000,000","97,000,000","133,000,000","160,000,000","142,000,000","124,000,000","208,000,000","94,000,000","101,000,000","125,000,000","87,000,000","7,000,000","137,000,000","153,000,000","141,000,000","140,000,000","165,000,000","129,000,000","124,000,000","130,000,000","134,000,000","134,000,000","4,000,000","15,000,000","128,000,000","119,783,000","-28,399,000","53,158,000","128,383,000","122,541,000","70,802,000","66,946,000","88,169,000","52,430,000","-152,946,000","-7,334,000","20,676,000","23,916,000","-47,553,000","-76,345,000","18,250,000","26,974,000","19,557,000","24,432,000","16,919,000","33,000,000","12,684,000","6,300,000","4,500,000","5,100,000","5,300,000","12,040,000","5,000,000","3,800,000",,,,,,,,,,,,,,,,,,,,,,,,,
EarningsFromEquityInterestNetOfTax,,,,,,,,,,,,,,,,,,,,,,,,,,,,,,,,,,,,,,,,,,,,,,,,,,,,,,,,,,,,,,,,,,,,,,,,,,,,,,,,,,,,,,,,,,,,,,,,,"21,100,000","73,700,000","134,100,000","243,800,000",,"176,500,000","240,000,000",,,,,,,,,,,,,,,,,,,,,,,,,
NetIncomeCommonStockholders,"5,855,000,000","1,793,000,000","1,892,000,000","1,312,000,000","812,000,000","1,215,000,000","1,974,000,000","2,141,000,000","1,833,000,000","2,265,000,000","2,300,000,000","2,418,000,000","1,194,000,000","-331,000,000","252,000,000","1,173,000,000","1,091,000,000","1,150,000,000","1,040,000,000","355,000,000","1,231,000,000","1,294,000,000","1,082,000,000","1,533,000,000","-70,000,000","1,305,000,000","1,093,000,000","1,610,000,000","1,360,000,000","726,000,000","439,000,000","683,000,000","528,000,000","942,000,000","681,000,000","555,000,000","785,000,000","779,000,000","734,000,000","998,000,000","916,000,000","790,000,000","953,000,000","765,000,000","640,000,000","328,000,000","973,000,000","750,000,000","-31,000,000","607,000,000","259,000,000","1,001,000,000","675,000,000","677,000,000","755,000,000","953,000,000","494,000,000","535,000,000","567,000,000","20,000,000","54,000,000","746,000,000","377,000,000","572,000,000","656,000,000","649,000,000","701,000,000","665,000,000","578,000,000","573,000,000","489,000,000","236,000,000","-112,000,000","467,000,000","433,028,000","281,875,000","-2,620,000","413,009,000","446,825,000","444,605,000","354,965,000","370,468,000","247,444,000","-168,646,000","-56,510,000","103,900,000","197,805,000","46,265,000","-442,590,000","131,517,000","118,394,000","113,788,000","140,753,000","113,928,000","174,513,000","152,063,000","14,800,000","69,200,000","129,000,000","238,500,000","39,651,000","171,500,000","236,200,000","112,800,000","127,654,000","130,000,000","77,900,000","125,700,000","86,933,000","52,500,000","56,800,000","93,500,000","86,900,000","97,400,000","51,900,000","1,400,000","44,700,000","-205,300,000","17,800,000","97,100,000","62,300,000","58,000,000","64,300,000","39,000,000","-127,300,000","40,600,000","42,200,000","55,000,000"
	NetIncome,"5,855,000,000","1,793,000,000","1,892,000,000","1,312,000,000","812,000,000","1,215,000,000","1,974,000,000","2,141,000,000","1,833,000,000","2,265,000,000","2,300,000,000","2,418,000,000","1,194,000,000","-331,000,000","252,000,000","1,173,000,000","1,091,000,000","1,150,000,000","1,040,000,000","355,000,000","1,231,000,000","1,294,000,000","1,082,000,000","1,533,000,000","-70,000,000","1,305,000,000","1,093,000,000","1,610,000,000","1,360,000,000","726,000,000","439,000,000","683,000,000","528,000,000","942,000,000","681,000,000","555,000,000","785,000,000","779,000,000","734,000,000","998,000,000","916,000,000","776,000,000","752,000,000","510,000,000","640,000,000","328,000,000","973,000,000","750,000,000","-31,000,000","607,000,000","259,000,000","1,001,000,000","675,000,000","677,000,000","755,000,000","953,000,000","494,000,000","535,000,000","567,000,000","20,000,000","54,000,000","746,000,000","377,000,000","572,000,000","656,000,000","649,000,000","701,000,000","665,000,000","578,000,000","573,000,000","489,000,000","236,000,000","-112,000,000","467,000,000","433,028,000","281,875,000","-2,620,000","413,009,000","446,825,000","444,605,000","354,965,000","370,468,000","247,444,000","-168,646,000","-56,510,000","103,900,000","197,805,000","46,265,000","-442,590,000","131,517,000","118,394,000","113,788,000","140,753,000","113,928,000","174,513,000","152,063,000","14,800,000","69,200,000","129,000,000","238,500,000","39,651,000","171,500,000","236,200,000","112,800,000","127,654,000","130,000,000","77,900,000","125,700,000","86,933,000","52,500,000","56,800,000","93,500,000","86,900,000","97,400,000","51,900,000","1,400,000","44,700,000","-205,300,000","17,800,000","97,100,000","62,300,000","58,000,000","64,300,000","39,000,000","-127,300,000","40,600,000","42,200,000","55,000,000"
		NetIncomeIncludingNoncontrollingInterests,"5,855,000,000","1,593,000,000","1,530,000,000","1,312,000,000","812,000,000","1,215,000,000","1,974,000,000","2,141,000,000","1,833,000,000","711,000,000","1,320,000,000","2,418,000,000","1,194,000,000","-331,000,000","252,000,000","1,173,000,000","1,091,000,000","1,150,000,000","1,040,000,000","355,000,000","1,231,000,000","1,294,000,000","1,082,000,000","1,533,000,000","-70,000,000","1,305,000,000","1,093,000,000","1,610,000,000","1,360,000,000","726,000,000","439,000,000","683,000,000","528,000,000","942,000,000","681,000,000","555,000,000","785,000,000","779,000,000","734,000,000","998,000,000","916,000,000","776,000,000","752,000,000","510,000,000","640,000,000","328,000,000","973,000,000","750,000,000","-31,000,000","607,000,000","259,000,000","1,001,000,000","675,000,000","677,000,000","755,000,000","953,000,000","494,000,000","535,000,000","567,000,000","20,000,000","54,000,000","746,000,000","377,000,000","572,000,000","656,000,000","649,000,000","701,000,000","665,000,000","578,000,000","573,000,000","489,000,000","236,000,000","-112,000,000","467,000,000","433,028,000","281,875,000","-2,620,000","413,009,000","446,825,000","444,605,000","354,965,000","370,468,000","247,444,000","-168,646,000","-56,510,000","103,900,000","197,805,000","46,265,000","-442,590,000","131,517,000","118,394,000","113,788,000","140,753,000","113,928,000","174,513,000","152,063,000","14,800,000","69,200,000","129,000,000","238,500,000","39,651,000","171,500,000","236,200,000","112,800,000","127,654,000","130,000,000","77,900,000","125,700,000","86,933,000","52,500,000","56,800,000","93,500,000","86,900,000","97,400,000","51,900,000","1,400,000","44,700,000","-205,300,000","17,800,000","97,100,000","62,300,000","58,000,000","64,300,000","39,000,000","-127,300,000","40,600,000","42,200,000","55,000,000"
			NetIncomeContinuousOperations,"5,855,000,000","1,593,000,000","1,530,000,000","1,312,000,000","812,000,000","1,215,000,000","1,974,000,000","2,141,000,000","1,833,000,000","711,000,000","1,320,000,000","2,418,000,000","1,194,000,000","-331,000,000","252,000,000","1,173,000,000","1,091,000,000","1,150,000,000","1,040,000,000","355,000,000","1,231,000,000","1,294,000,000","1,082,000,000","1,533,000,000","-70,000,000","1,305,000,000","1,093,000,000","1,610,000,000","1,360,000,000","726,000,000","439,000,000","683,000,000","528,000,000","942,000,000","681,000,000","555,000,000","785,000,000","779,000,000","734,000,000","998,000,000","916,000,000","776,000,000","752,000,000","510,000,000","640,000,000","328,000,000","973,000,000","750,000,000","-31,000,000","607,000,000","259,000,000","1,001,000,000","675,000,000","677,000,000","755,000,000","953,000,000","494,000,000","535,000,000","567,000,000","20,000,000","54,000,000","746,000,000","377,000,000","572,000,000","656,000,000","649,000,000","701,000,000","665,000,000","578,000,000","573,000,000","485,000,000","236,000,000","-112,000,000","467,000,000","433,028,000","281,875,000","-2,620,000","413,009,000","446,825,000","444,605,000","354,965,000","370,468,000","247,444,000","-168,646,000","-56,510,000","103,900,000","197,805,000","46,265,000","-442,590,000","131,517,000","141,064,000","113,788,000","140,753,000","113,928,000","174,513,000","152,063,000","14,800,000","69,200,000","129,000,000","238,500,000","39,651,000","171,500,000","236,200,000","112,800,000","127,654,000","130,000,000","77,900,000","125,700,000","86,933,000","52,500,000","56,800,000","93,500,000","86,900,000","97,400,000","51,900,000","1,400,000","44,700,000","-205,300,000","17,800,000","97,100,000","62,300,000","58,000,000","64,300,000","39,000,000","-127,300,000","40,600,000","42,200,000","55,000,000"
			NetIncomeExtraordinary,,,,,,,,,,,,,,,,,,,,,,,,,,,,,,,,,,,,,,,,,,,,,,,,,,,,,,,,,,,,,,,,"0","0","0","0","0","0","0","4,000,000",,,,,,,,,,,,,"0","0","0","0","0","0","0","-22,670,000",,,,,,,,,,,,,,,,,,,,,,,,,,,,,,,,,,,,,
	OtherunderPreferredStockDividend,,,,,,,,,,,,,,,,,,,,,,,,,,,,,,,,,,,,,,,,,,"-14,000,000","-201,000,000","-255,000,000",,,,,,,,,,,,,,,,,,,,,,,,,,,,,,,,,,,,,,,,,,,,,,,,,,,,,,,,,,,,,,,,,,,,,,,,,,,,,,,,,,,,
DilutedNIAvailtoComStockholders,"5,855,000,000","1,793,000,000","1,892,000,000","1,312,000,000","812,000,000","1,215,000,000","1,974,000,000","2,141,000,000","1,833,000,000","2,265,000,000","2,300,000,000","2,418,000,000","1,194,000,000","-331,000,000","252,000,000","1,173,000,000","1,091,000,000","1,150,000,000","1,040,000,000","355,000,000","1,231,000,000","1,294,000,000","1,082,000,000","1,533,000,000","-70,000,000","1,305,000,000","1,093,000,000","1,610,000,000","1,360,000,000","726,000,000","439,000,000","683,000,000","528,000,000","942,000,000","681,000,000","555,000,000","785,000,000","779,000,000","734,000,000","998,000,000","916,000,000","790,000,000","953,000,000","765,000,000","640,000,000","328,000,000","973,000,000","750,000,000","-31,000,000","607,000,000","259,000,000","1,001,000,000","675,000,000","677,000,000","755,000,000","953,000,000","494,000,000","535,000,000","567,000,000","20,000,000","54,000,000","746,000,000","377,000,000","572,000,000","656,000,000","649,000,000","701,000,000","665,000,000","578,000,000","573,000,000","489,000,000","236,000,000","-112,000,000","467,000,000","433,028,000","281,875,000","-2,620,000","413,009,000","446,825,000","444,605,000","354,965,000","370,468,000","247,444,000","-168,646,000","-56,510,000","103,900,000","197,805,000","46,265,000","-442,590,000","131,517,000","118,394,000","113,788,000","140,753,000","113,928,000","174,513,000","152,063,000","14,800,000","69,200,000","129,000,000","238,500,000","39,651,000","171,500,000","236,200,000","112,800,000","127,654,000","130,000,000","77,900,000","125,700,000","86,933,000","52,500,000","56,800,000","93,500,000","86,900,000","97,400,000","51,900,000","1,400,000","44,700,000","-205,300,000","17,800,000","97,100,000","62,300,000","58,000,000","64,300,000","39,000,000","-127,300,000","40,600,000","42,200,000","55,000,000"
BasicEPS,,"4.35","4.57","3.165","1.95","2.82","4.59","5.019","4.21","5.09","5.1","5.365","2.64","-0.73","0.56","2.595","2.4","2.52","2.27","0.77","2.66","2.78","2.32","3.29","-0.15","2.79","2.33","3.44","2.9","1.55","0.98","2.11","1.63","2.89","2.08","1.68","2.35","2.3","2.16","2.93","2.68","2.31","2.8","2.24","1.88","0.96","2.87","2.17","-0.09","1.79","0.77","2.94","1.99","1.998","2.23","2.83","1.469","1.58","1.69","0.05","0.162","2.2","1.11","1.71","1.98","1.96","2.13","2.03","1.76","1.75","1.49","0.69","-0.43","1.61","1.5","0.95","-0.03","1.47","1.56","1.765","1.25","1.35","0.92","-0.579","-0.24","0.37","0.74","0.223","-1.95","0.54","0.48","0.45","0.6","0.5","0.8","0.78","0.08","0.36","0.67","0.67","0.03","0.92","1.4","0.68","0.78","0.77","0.46","0.72","1.28","0.38","0.41","0.67","0.96","0.69","0.37","0.01","0.3","-1.44","0.12","0.65","0.4","0.39","0.57","0.36","-1.17","0.37","0.39","0.51"
DilutedEPS,,"4.32","4.53","3.13","1.94","2.8","4.55","4.95","4.18","5.06","5.07","5.34","2.63","-0.73","0.55","2.573","2.38","2.5","2.25","0.76","2.64","2.76","2.3","3.27","-0.15","2.77","2.31","3.41","2.88","1.54","0.97","2.09","1.62","2.86","2.05","1.67","2.32","2.28","2.14","2.9","2.66","2.29","2.77","2.22","1.86","0.96","2.84","2.16","-0.09","1.77","0.76","2.93","1.97","1.98","2.22","2.82","1.46","1.58","1.69","0.05","0.16","2.18","1.1","1.68","1.95","1.93","2.1","1.99","1.73","1.72","1.46","0.68","-0.43","1.58","1.48","0.93","-0.03","1.44","1.53","1.765","1.22","1.32","0.9","-0.579","-0.24","0.36","0.7","0.14","-1.95","0.52","0.46","0.43","0.58","0.49","0.8","0.77","0.08","0.35","0.65","0.65","0.03","0.9","1.37","0.67","0.76","0.77","0.45","0.71","1.24","0.38","0.41","0.67","0.94","0.69","0.37","0.01","0.3","-1.44","0.12","0.65","0.4","0.39","0.57","0.36","-1.17","0.37","0.39","0.51"
BasicAverageShares,,"412,487,400","414,289,150","415,249,292","416,542,101","421,624,660","425,805,105","429,088,610","435,318,088","445,094,678","450,539,568","451,362,001","451,794,046","451,402,807","451,868,658","452,679,172","454,975,143","457,224,455","458,805,185","460,584,773","462,981,973","465,276,597","465,703,240","465,429,008","466,370,784","467,981,077","468,903,086","468,258,439","468,021,093","467,701,328","446,739,586","324,643,938","324,210,936","325,463,196","328,212,376","331,189,102","334,472,324","337,846,228","338,869,562","340,909,994","340,888,648","340,086,269","340,778,142","340,821,273","340,207,037","339,766,067","338,567,341","338,219,205","338,400,000","338,920,580","337,088,217","340,157,559","339,229,422","338,478,484","338,610,718","337,398,729","336,159,387","336,898,236","335,474,828","333,985,390","327,889,473","333,236,903","330,749,894","347,778,004","325,201,688","324,541,868","329,107,981","327,418,370","328,409,091","327,428,571","328,187,919","333,921,883","260,465,116","290,062,112","291,333,333","292,594,937","287,569,900","287,755,102","286,426,282","275,602,550","283,972,000","274,420,741","268,960,870","281,833,333","235,458,333","280,810,811","258,586,011","143,562,737","230,610,425","243,550,000","246,654,167","245,809,691","234,588,333","227,856,000","218,141,250","194,709,651","194,061,171","193,784,573","193,758,050","192,565,672","192,937,954","191,847,826","177,071,429","179,705,882","215,733,662","16,972,925","174,511,828","176,835,600","139,546,042","139,578,660","139,518,381","139,552,239","138,471,000","141,159,420","140,270,270","140,000,000","133,830,645","142,569,444","148,333,333","149,384,615","150,342,772","113,516,484","112,807,018","108,333,333","94,488,189","109,729,730","108,205,128","107,843,137"
DilutedAverageShares,,"415,571,876","417,928,192","419,039,333","419,618,956","425,418,346","429,790,834","432,905,067","438,441,638","447,951,920","453,335,539","453,032,672","453,265,480","451,402,807","454,520,268","455,884,894","458,150,369","460,169,692","461,536,940","463,195,820","466,016,498","468,380,324","469,473,591","469,484,754","466,370,784","471,853,937","472,731,690","471,613,230","471,396,362","471,157,297","450,009,742","327,818,834","327,173,420","328,685,758","331,692,720","334,798,947","337,673,980","341,132,587","342,040,736","344,434,150","343,817,737","344,101,265","343,906,368","343,741,899","342,872,713","342,674,038","341,690,982","340,502,163","340,900,000","341,688,968","339,661,199","342,458,549","341,900,000","341,200,000","339,900,000","338,916,057","338,400,000","337,508,296","336,115,564","335,006,152","333,000,000","335,480,745","333,044,594","355,959,966","330,621,041","330,073,211","333,809,524","334,298,119","334,104,046","333,139,535","334,931,507","338,874,019","260,465,116","295,569,620","295,270,270","298,829,285","292,460,544","293,750,000","292,042,484","285,607,886","290,954,918","280,657,576","274,937,778","281,833,333","235,458,333","288,611,111","271,527,253","234,033,082","230,610,425","252,917,308","257,378,261","255,344,529","242,677,586","232,506,122","218,141,250","198,357,805","196,072,652","197,175,514","197,180,787","198,490,769","197,368,324","196,111,111","180,948,905","182,388,060","226,686,179","16,972,925","174,511,828","176,835,600","139,546,042","139,578,660","139,518,381","139,552,239","138,471,000","141,159,420","140,270,270","140,000,000","133,830,645","142,569,444","148,333,333","149,384,615","150,342,772","113,516,484","112,807,018","108,333,333","94,488,189","109,729,730","108,205,128","107,843,137"
NetIncomeFromContinuingAndDiscontinuedOperation,"5,855,000,000","1,793,000,000","1,892,000,000","1,312,000,000","812,000,000","1,215,000,000","1,974,000,000","2,141,000,000","1,833,000,000","2,265,000,000","2,300,000,000","2,418,000,000","1,194,000,000","-331,000,000","252,000,000","1,173,000,000","1,091,000,000","1,150,000,000","1,040,000,000","355,000,000","1,231,000,000","1,294,000,000","1,082,000,000","1,533,000,000","-70,000,000","1,305,000,000","1,093,000,000","1,610,000,000","1,360,000,000","726,000,000","439,000,000","683,000,000","528,000,000","942,000,000","681,000,000","555,000,000","785,000,000","779,000,000","734,000,000","998,000,000","916,000,000","776,000,000","752,000,000","510,000,000","640,000,000","328,000,000","973,000,000","750,000,000","-31,000,000","607,000,000","259,000,000","1,001,000,000","675,000,000","677,000,000","755,000,000","953,000,000","494,000,000","535,000,000","567,000,000","20,000,000","54,000,000","746,000,000","377,000,000","572,000,000","656,000,000","649,000,000","701,000,000","665,000,000","578,000,000","573,000,000","485,000,000","236,000,000","-112,000,000","467,000,000","433,028,000","281,875,000","-2,620,000","413,009,000","446,825,000","444,605,000","354,965,000","370,468,000","247,444,000","-168,646,000","-56,510,000","103,900,000","197,805,000","46,265,000","-442,590,000","131,517,000","141,064,000","113,788,000","140,753,000","113,928,000","174,513,000","152,063,000","14,800,000","69,200,000","129,000,000","238,500,000","39,651,000","171,500,000","236,200,000","112,800,000","127,654,000","130,000,000","77,900,000","125,700,000","86,933,000","52,500,000","56,800,000","93,500,000","86,900,000","97,400,000","51,900,000","1,400,000","44,700,000","-205,300,000","17,800,000","97,100,000","62,300,000","58,000,000","64,300,000","39,000,000","-127,300,000","40,600,000","42,200,000","55,000,000"
NormalizedIncome,"5,921,295,222.314","1,805,315,000","1,910,282,000","1,329,451,027.811","829,342,000","1,217,418,000","1,974,000,000","2,143,523,000","1,854,449,049.244","2,275,374,513.619","2,303,488,000","2,374,050,000","1,172,568,000","-364,689,567.43","299,689,600","1,185,236,959.762","1,092,651,778.955","1,153,387,334.315","1,042,541,000","368,780,000","1,244,936,000","1,305,128,000","1,090,890,000","1,584,513,000","-32,205,000","1,367,424,000","1,192,345,000","1,722,922,000","1,455,450,000","806,752,000","554,292,000","705,766,666.667","535,200,000","942,000,000","681,000,000","558,526,048.285","785,000,000","779,000,000","734,000,000","998,918,968.692","916,000,000","776,000,000","752,000,000","510,000,000","640,000,000","328,000,000","973,000,000","750,000,000","-31,000,000","607,000,000","259,000,000","1,001,000,000","675,000,000","677,000,000","755,000,000","953,000,000","494,000,000","535,000,000","567,000,000","20,000,000","54,000,000","746,000,000","377,000,000","572,000,000","656,000,000","649,000,000","701,000,000","665,000,000","578,000,000","573,000,000","485,000,000","236,000,000","-112,000,000","467,000,000","433,028,000","281,875,000","-2,620,000","413,009,000","446,825,000","444,605,000","354,965,000","370,468,000","247,444,000","-168,646,000","-56,510,000","103,900,000","197,805,000","46,265,000","-442,590,000","131,517,000","141,064,000","113,788,000","140,753,000","113,928,000","174,513,000","152,063,000","17,700,000","69,200,000","129,000,000","238,500,000","39,651,000","171,500,000","236,200,000","112,800,000","127,654,000","130,000,000","77,900,000","125,700,000","86,933,000","52,500,000","56,800,000","93,500,000","86,900,000","97,400,000","51,900,000","1,400,000","44,700,000","-205,300,000","17,800,000","97,100,000","62,300,000","58,000,000","64,300,000","39,000,000","-127,300,000","40,600,000","42,200,000","55,000,000"
EBIT,"7,871,000,000","2,150,000,000","2,074,000,000","1,808,000,000","1,227,000,000","1,642,000,000","2,461,000,000","2,671,000,000","2,173,000,000","1,150,000,000","1,780,000,000","2,878,000,000","1,466,000,000","-265,000,000","599,000,000","1,476,000,000","1,459,000,000","1,498,000,000","1,368,000,000","667,000,000","1,578,000,000","1,679,000,000","1,374,000,000","1,307,000,000","-5,000,000","1,652,000,000","1,375,000,000","2,023,000,000","1,789,000,000","1,034,000,000","709,000,000","843,000,000","728,000,000","1,156,000,000","869,000,000","854,000,000","1,031,000,000","984,000,000","898,000,000","1,156,000,000","1,143,000,000","950,000,000","917,000,000","421,000,000","850,000,000","538,000,000","1,145,000,000","935,000,000","196,000,000","547,000,000","419,000,000","1,196,000,000","893,000,000","877,000,000","931,000,000","1,217,000,000","648,000,000","692,000,000","745,000,000","161,000,000","129,000,000","945,000,000","576,000,000","756,000,000","840,000,000","856,000,000","876,000,000","831,000,000","754,000,000","752,000,000","662,000,000","286,000,000","-54,000,000","638,000,000","595,490,000","296,792,000","99,535,000","587,791,000","613,638,000","559,874,000","466,259,000","502,318,000","344,803,000","-274,731,000","-15,165,000","176,528,000","267,723,000","44,800,000","-469,805,000","199,407,000","222,362,000","188,251,000","220,593,000","184,794,000","264,702,000","446,085,000","44,100,000","4,100,000","4,500,000","4,700,000","596,850,000","5,000,000","3,900,000",,,,,,,,,,,,,,,,,,,,,,,,,
ReconciledDepreciation,"285,000,000","70,000,000","72,000,000","74,000,000","69,000,000","71,000,000","71,000,000","71,000,000","71,000,000","73,000,000","72,000,000","73,000,000","72,000,000","72,000,000","73,000,000","76,000,000","76,000,000","77,000,000","76,000,000","86,000,000","83,000,000","85,000,000","85,000,000","66,000,000","65,000,000","65,000,000","64,000,000","3,000,000","4,000,000","5,000,000","7,000,000","35,000,000","51,000,000","55,000,000","30,000,000","30,000,000","27,000,000","30,000,000","21,000,000","27,000,000","30,000,000","23,000,000","15,000,000",,,,,,,,,,,,,,,,,,,,"2,000,000","-1,000,000","1,000,000","-4,000,000","-2,000,000","-10,000,000","1,000,000","3,000,000","16,000,000","10,000,000","26,000,000","22,755,000","31,245,000","26,728,000","26,520,000","27,936,000","25,972,000",,"27,881,000","22,949,000","15,724,000",,"0","0","0","19,907,000","19,912,000","19,872,000","19,880,000","19,931,000","19,919,000","19,324,000","19,646,000","24,950,000",,"4,700,000","-1,400,000","2,400,000","-6,396,000","2,000,000","-4,400,000","-900,000","-1,804,000","-1,800,000","-900,000","-1,600,000","-3,447,000","-1,700,000","-200,000","-2,500,000","-2,500,000","-2,300,000","-4,500,000","-3,300,000",,,,,,,,,,,,
NetIncomeFromContinuingOperationNetMinorityInterest,"5,855,000,000","1,793,000,000","1,892,000,000","1,312,000,000","812,000,000","1,215,000,000","1,974,000,000","2,141,000,000","1,833,000,000","2,265,000,000","2,300,000,000","2,418,000,000","1,194,000,000","-331,000,000","252,000,000","1,173,000,000","1,091,000,000","1,150,000,000","1,040,000,000","355,000,000","1,231,000,000","1,294,000,000","1,082,000,000","1,533,000,000","-70,000,000","1,305,000,000","1,093,000,000","1,610,000,000","1,360,000,000","726,000,000","439,000,000","683,000,000","528,000,000","942,000,000","681,000,000","555,000,000","785,000,000","779,000,000","734,000,000","998,000,000","916,000,000","776,000,000","752,000,000","510,000,000","640,000,000","328,000,000","973,000,000","750,000,000","-31,000,000","607,000,000","259,000,000","1,001,000,000","675,000,000","677,000,000","755,000,000","953,000,000","494,000,000","535,000,000","567,000,000","20,000,000","54,000,000","746,000,000","377,000,000","572,000,000","656,000,000","649,000,000","701,000,000","665,000,000","578,000,000","573,000,000","485,000,000","236,000,000","-112,000,000","467,000,000","433,028,000","281,875,000","-2,620,000","413,009,000","446,825,000","444,605,000","354,965,000","370,468,000","247,444,000","-168,646,000","-56,510,000","103,900,000","197,805,000","46,265,000","-442,590,000","131,517,000","141,064,000","113,788,000","140,753,000","113,928,000","174,513,000","152,063,000","14,800,000","69,200,000","129,000,000","238,500,000","39,651,000","171,500,000","236,200,000","112,800,000","127,654,000","130,000,000","77,900,000","125,700,000","86,933,000","52,500,000","56,800,000","93,500,000","86,900,000","97,400,000","51,900,000","1,400,000","44,700,000","-205,300,000","17,800,000","97,100,000","62,300,000","58,000,000","64,300,000","39,000,000","-127,300,000","40,600,000","42,200,000","55,000,000"
TotalUnusualItemsExcludingGoodwill,"-82,000,000","-15,000,000","-22,000,000","-22,000,000","-23,000,000","-3,000,000","-31,000,000","-3,000,000","-24,000,000","-15,000,000","-4,000,000","50,000,000","24,000,000","40,000,000","-56,000,000","-14,000,000","-2,000,000","-4,000,000","-3,000,000","-20,000,000","-16,000,000","-13,000,000","-10,000,000","-77,000,000","-50,000,000","-72,000,000","-111,000,000","-131,000,000","-115,000,000","-98,000,000","-148,000,000","-25,000,000","-9,000,000","-1,000,000","-2,000,000","-5,000,000","-4,000,000","-2,000,000","-4,000,000","-1,000,000","-1,000,000","-2,000,000","0",,,,,,,,,,,,,,,,,,,,,,,,,,,,,,,,,,,,,,,,,,,,,,,,,,,,,,"-2,900,000",,,,,,,,,,,,,,,,,,,,,,,,,,,,,,,
TotalUnusualItems,"-82,000,000","-15,000,000","-22,000,000","-22,000,000","-23,000,000","-3,000,000","-31,000,000","-3,000,000","-24,000,000","-15,000,000","-4,000,000","50,000,000","24,000,000","40,000,000","-56,000,000","-14,000,000","-2,000,000","-4,000,000","-3,000,000","-20,000,000","-16,000,000","-13,000,000","-10,000,000","-77,000,000","-50,000,000","-72,000,000","-111,000,000","-131,000,000","-115,000,000","-98,000,000","-148,000,000","-25,000,000","-9,000,000","-1,000,000","-2,000,000","-5,000,000","-4,000,000","-2,000,000","-4,000,000","-1,000,000","-1,000,000","-2,000,000","0",,,,,,,,,,,,,,,,,,,,,,,,,,,,,,,,,,,,,,,,,,,,,,,,,,,,,,"-2,900,000",,,,,,,,,,,,,,,,,,,,,,,,,,,,,,,
TaxRateForCalcs,"0.192","0.179","0.169","0.207","0.246","0.194","0.152","0.159","0.106","0.308","0.128","0.121","0.107","0.158","0.148","0.126","0.174","0.153","0.153","0.311","0.129","0.144","0.111","0.331","0.244","0.133","0.105","0.138","0.17","0.176","0.221","0.089","0.2","0.132","0.15","0.295","0.183","0.146","0.113","0.081","0.144","0.115","0.127","0.085","0.187","0.311","0.102","0.14","0.085","0.085","0.272","0.117","0.192","0.172","0.141","0.179","0.16","0.159","0.181","0.085","0.115","0.155","0.289","0.198","0.176","0.203","0.155","0.157","0.184","0.19","0.216","0.017","0.4","0.215","0.217","0.4","0.4","0.237","0.215","0.137","0.159","0.192","0.175","0.4","0.115","0.166","0.108","0.4","0.147","0.122","0.161","0.147","0.148","0.129","0.159","0.032","0","0","0","0","0.021","0","0","0.4","0.4","0.4","0.4","0.4","0.4","0.4","0.4","0.4","0.4","0.4","0.4","0.4","0.4","0.4","0.4","0.4","0.4","0.4","0.4","0.4","0.4","0.4","0.4","0.4"
TaxEffectOfUnusualItems,"-15,704,777.686","-2,685,000","-3,718,000","-4,548,972.189","-5,658,000","-582,000","0","-477,000","-2,550,950.756","-4,625,486.381","-512,000","6,050,000","2,568,000","6,310,432.57","-8,310,400","-1,763,040.238","-348,221.045","-612,665.685","-459,000","-6,220,000","-2,064,000","-1,872,000","-1,110,000","-25,487,000","-12,205,000","-9,576,000","-11,655,000","-18,078,000","-19,550,000","-17,248,000","-32,708,000","-2,233,333.333","-1,800,000","0","0","-1,473,951.715","0","0","0","-81,031.308","0","0","0","0","0","0","0","0","0","0","0","0","0","0","0","0","0","0","0","0","0","0","0","0","0","0","0","0","0","0","0","0","0","0","0","0","0","0","0","0","0","0","0","0","0","0","0","0","0","0","0","0","0","0","0","0","0","0","0","0","0","0","0","0","0","0","0","0","0","0","0","0","0","0","0","0","0","0","0","0","0","0","0","0","0","0","0","0"
InterestExpense,"629,000,000","165,000,000","160,000,000","154,000,000","150,000,000","134,000,000","132,000,000","126,000,000","122,000,000","122,000,000","122,000,000","126,000,000","130,000,000","128,000,000","132,000,000","134,000,000","138,000,000","140,000,000","140,000,000","153,000,000","164,000,000","167,000,000","157,000,000","156,000,000","150,000,000","147,000,000","154,000,000","154,000,000","152,000,000","153,000,000","146,000,000","93,000,000","68,000,000","71,000,000","68,000,000","67,000,000","70,000,000","72,000,000","71,000,000","70,000,000","72,000,000","69,000,000","56,000,000","60,000,000","63,000,000","62,000,000","62,000,000","63,000,000","62,000,000","62,000,000","63,000,000","62,000,000","58,000,000","52,000,000","52,000,000","56,000,000","60,000,000","56,000,000","53,000,000","54,000,000","68,000,000","62,000,000","46,000,000","43,000,000","44,000,000","42,000,000","46,000,000","42,000,000","46,000,000","45,000,000","43,000,000","46,000,000","43,000,000","43,000,000","42,679,000","43,316,000","48,997,000","46,399,000","44,272,000","44,467,000","44,348,000","43,681,000","44,929,000","46,861,000","48,679,000","51,952,000","46,002,000","46,088,000","49,130,000","49,640,000","54,324,000","54,906,000","55,408,000","53,947,000","57,189,000","52,438,000","44,100,000","4,100,000","4,500,000","4,700,000","16,659,000","5,000,000","3,900,000",,,,,,,,,,,,,,,,,,,,,,,,,