name,ttm,06/30/2023,03/31/2023,12/31/2022,09/30/2022,06/30/2022,03/31/2022,12/31/2021,09/30/2021,06/30/2021,03/31/2021,12/31/2020,09/30/2020,06/30/2020,03/31/2020,12/31/2019,09/30/2019,06/30/2019,03/31/2019,12/31/2018,09/30/2018,06/30/2018,03/31/2018,12/31/2017,09/30/2017,06/30/2017,03/31/2017,12/31/2016,09/30/2016,06/30/2016,03/31/2016,12/31/2015,09/30/2015,06/30/2015,03/31/2015,12/31/2014,09/30/2014,06/30/2014,03/31/2014,12/31/2013,09/30/2013,06/30/2013,03/31/2013,12/31/2012,09/30/2012,06/30/2012,03/31/2012,12/31/2011,09/30/2011,06/30/2011,03/31/2011,12/31/2010,09/30/2010,06/30/2010,03/31/2010,12/31/2009,09/30/2009,06/30/2009,03/31/2009,12/31/2008,09/30/2008,06/30/2008,03/31/2008,12/31/2007,09/30/2007,06/30/2007,03/31/2007,12/31/2006,09/30/2006,06/30/2006,03/31/2006,12/31/2005,09/30/2005,06/30/2005,03/31/2005,12/31/2004,09/30/2004,06/30/2004,03/31/2004,12/31/2003,09/30/2003,06/30/2003,03/31/2003,12/31/2002,09/30/2002,06/30/2002,03/31/2002,12/31/2001,09/30/2001,06/30/2001,03/31/2001,12/31/2000,09/30/2000,06/30/2000,03/31/2000,12/31/1999,09/30/1999,06/30/1999,03/31/1999,12/31/1998,09/30/1998,06/30/1998,03/31/1998,12/31/1997,09/30/1997,06/30/1997,03/31/1997,12/31/1996,09/30/1996,06/30/1996,03/31/1996,12/31/1995,09/30/1995,06/30/1995,03/31/1995,12/31/1994,09/30/1994,06/30/1994,03/31/1994,12/31/1993,09/30/1993,06/30/1993,03/31/1993,12/31/1992,09/30/1992,06/30/1992,03/31/1992,12/31/1991,09/30/1991,06/30/1991,03/31/1991,12/31/1990,09/30/1990,06/30/1990,03/31/1990,12/31/1989,09/30/1989,06/30/1989,03/31/1989,12/31/1988,09/30/1988,06/30/1988,03/31/1988,12/31/1987,09/30/1987,06/30/1987,03/31/1987,12/31/1986,09/30/1986,06/30/1986,03/31/1986,12/31/1985,09/30/1985
TotalRevenue,"19,030,000,000","5,173,000,000","4,800,000,000","3,948,000,000","4,820,000,000","5,400,000,000","5,272,000,000","5,433,000,000","5,237,000,000","5,564,000,000","5,869,000,000","6,034,000,000","5,665,000,000","5,407,000,000","5,162,000,000","5,603,000,000","5,519,000,000","5,511,000,000","5,657,000,000","5,110,000,000","5,577,000,000","5,589,000,000","5,464,000,000","5,424,000,000","5,506,000,000","5,428,000,000","5,309,000,000","5,728,000,000","5,716,000,000","5,437,000,000","5,451,000,000","5,300,000,000","5,040,000,000","5,287,000,000","5,226,000,000","5,514,000,000","5,736,000,000","5,838,000,000","5,640,000,000","5,801,000,000","5,886,000,000","6,044,000,000","6,208,000,000","6,375,000,000","6,847,000,000","5,902,000,000","6,240,000,000","5,979,000,000","5,987,000,000","5,088,000,000","5,117,000,000","5,294,000,000","5,394,000,000","4,980,000,000","5,065,000,000","4,597,000,000","4,526,000,000","4,313,000,000","4,818,000,000","4,260,000,000","3,691,000,000","4,336,000,000","4,267,000,000","4,017,000,000","3,861,000,000","3,764,000,000","3,751,000,000","3,687,000,000","3,672,000,000","3,697,000,000","3,559,000,000","3,567,000,000","3,669,000,000","3,567,000,000","3,559,000,000","3,447,000,000","3,321,000,000","3,233,000,000","3,280,000,000","2,847,000,000","2,931,000,000","2,861,000,000","2,807,000,000","2,666,000,000","2,707,000,000","2,513,000,000","2,371,000,000","2,404,000,000","2,446,000,000","2,348,000,000","2,421,000,000","2,488,000,000","2,475,000,000","2,358,000,000","2,398,000,000","2,365,000,000","2,196,000,000","2,032,000,000","2,048,000,000","1,943,900,000","1,699,500,000","1,703,500,000","1,757,000,000","1,744,802,000","1,789,600,000","2,008,700,000","1,707,500,000","1,853,003,000","1,775,600,000","1,741,700,000","1,730,000,000","1,732,420,000","1,811,700,000","1,932,800,000","1,713,700,000","1,636,058,000","1,601,600,000","1,481,200,000","1,391,900,000","1,334,600,000","1,308,200,000","1,236,700,000","1,121,500,000","1,071,400,000","1,025,300,000","955,300,000","934,500,000","897,300,000","830,700,000","783,300,000","771,400,000","751,700,000","683,000,000","621,200,000","622,600,000","637,000,000","599,300,000","595,700,000","606,300,000","600,800,000","574,100,000","583,800,000","565,900,000","521,700,000","461,400,000","453,600,000","439,400,000","411,900,000","363,400,000","326,200,000","300,100,000","271,300,000","242,300,000"
	TotalPremiumsEarned,"14,681,000,000","3,573,000,000","3,688,000,000","3,523,000,000","3,651,000,000","3,849,000,000","4,178,000,000","4,241,000,000","4,372,000,000","4,441,000,000","4,593,000,000","4,653,000,000","4,623,000,000","4,664,000,000","4,681,000,000","4,671,000,000","4,736,000,000","4,681,000,000","4,691,000,000","4,591,000,000","4,636,000,000","4,706,000,000","4,745,000,000","4,580,000,000","4,648,000,000","4,665,000,000","4,638,000,000","4,778,000,000","5,022,000,000","4,823,000,000","4,602,000,000","4,394,000,000","4,380,000,000","4,364,000,000","4,432,000,000","4,489,000,000","4,841,000,000","4,888,000,000","4,854,000,000","4,910,000,000","5,028,000,000","5,013,000,000","5,184,000,000","5,643,000,000","5,660,000,000","5,467,000,000","5,378,000,000","5,325,000,000","5,210,000,000","4,956,000,000","4,872,000,000","4,785,000,000","4,607,000,000","4,333,000,000","4,348,000,000","4,347,000,000","4,165,000,000","3,995,000,000","4,115,000,000","3,981,000,000","3,647,000,000","3,684,000,000","3,635,000,000","3,395,000,000","3,260,000,000","3,162,000,000","3,156,000,000","3,114,000,000","3,102,000,000","3,093,000,000","3,005,000,000","2,932,000,000","2,997,000,000","3,020,000,000","3,041,000,000","2,939,000,000","2,822,000,000","2,768,000,000","2,773,000,000","2,664,000,000","2,478,000,000","2,407,000,000","2,372,000,000","2,247,000,000","2,253,000,000","2,097,000,000","1,998,000,000","2,038,000,000","2,034,000,000","1,980,000,000","2,029,000,000","2,085,000,000","2,081,000,000","2,054,000,000","2,020,000,000","1,983,000,000","1,847,000,000","1,706,000,000","1,728,000,000","1,625,300,000","1,421,300,000","1,424,000,000","1,472,400,000","1,461,661,000","1,508,700,000","1,467,300,000","1,436,100,000","1,504,936,000","1,487,200,000","1,461,500,000","1,456,000,000","1,453,530,000","1,531,400,000","1,634,100,000","1,451,800,000","1,384,432,000","1,362,300,000","1,254,900,000","1,179,100,000","1,124,100,000","1,106,600,000","1,044,900,000","949,500,000","903,000,000","864,600,000","807,700,000","793,900,000","754,900,000","694,800,000","660,600,000","655,000,000","634,500,000","572,900,000","522,600,000","529,100,000","526,800,000","505,000,000","493,900,000","507,500,000",,,,,,,,,,,,,,
		NetPremiumsWritten,,,"3,688,000,000","3,523,000,000","3,651,000,000",,"4,178,000,000","4,241,000,000","4,372,000,000","4,441,000,000","4,593,000,000","4,653,000,000","4,623,000,000","4,664,000,000",,,,,"4,691,000,000","4,591,000,000","4,636,000,000","4,706,000,000","4,745,000,000","4,580,000,000","4,648,000,000","4,665,000,000","4,638,000,000","4,778,000,000","5,022,000,000","4,823,000,000","4,602,000,000","4,394,000,000","4,380,000,000","4,364,000,000","4,432,000,000","4,489,000,000","4,841,000,000","4,888,000,000","4,854,000,000",,,,,,,,,,,,,,,,,,,,,,,,,,,,,,,,,,,,,,,,,,,,,,,,,,,,,,,,,,,,,,,,,,,,,,,,,,,,,,,,,,,,,,,,,,,,,,,,,,,,,,,,,,,,,,,,,,
			GrossPremiumsWritten,,,"3,795,000,000","3,553,000,000","3,751,000,000",,"4,295,000,000","4,362,000,000","4,498,000,000","4,565,000,000","4,726,000,000","4,788,000,000","4,761,000,000","4,804,000,000",,,,,"4,827,000,000","4,723,000,000","4,773,000,000","4,848,000,000","4,889,000,000","4,719,000,000","4,790,000,000","4,808,000,000","4,780,000,000","4,926,000,000","5,183,000,000","4,976,000,000","4,748,000,000","4,534,000,000","4,520,000,000","4,504,000,000","4,532,000,000","4,594,000,000","4,921,000,000","4,971,000,000","4,936,000,000",,,,,,,,,,,,,,,,,,,,,,,,,,,,,,,,,,,,,,,,,,,,,,,,,,,,,,,,,,,,,,,,,,,,,,,,,,,,,,,,,,,,,,,,,,,,,,,,,,,,,,,,,,,,,,,,,,
			CededPremiums,,,"-107,000,000","-30,000,000","-100,000,000",,"-117,000,000","-121,000,000","-126,000,000","-124,000,000","-133,000,000","-135,000,000","-138,000,000","-140,000,000",,,,,"-136,000,000","-132,000,000","-137,000,000","-142,000,000","-144,000,000","-139,000,000","-142,000,000","-143,000,000","-142,000,000","-148,000,000","-161,000,000","-153,000,000","-146,000,000","-140,000,000","-140,000,000","-140,000,000","-100,000,000","-105,000,000","-80,000,000","-83,000,000","-82,000,000",,,,,,,,,,,,,,,,,,,,,,,,,,,,,,,,,,,,,,,,,,,,,,,,,,,,,,,,,,,,,,,,,,,,,,,,,,,,,,,,,,,,,,,,,,,,,,,,,,,,,,,,,,,,,,,,,,
	NetInvestmentIncome,"3,040,000,000","405,000,000","958,000,000","896,000,000","425,000,000","937,000,000","439,000,000","122,000,000","991,000,000","993,000,000","925,000,000","1,292,000,000","896,000,000","870,000,000","904,000,000","876,000,000","918,000,000","876,000,000","876,000,000","809,000,000","865,000,000","857,000,000","830,000,000","859,000,000","780,000,000","741,000,000","661,000,000","822,000,000","713,000,000","622,000,000","783,000,000","789,000,000","644,000,000","812,000,000","727,000,000","907,000,000","824,000,000","848,000,000","740,000,000","861,000,000","771,000,000","928,000,000","870,000,000","53,000,000","869,000,000","845,000,000","882,000,000","858,000,000","843,000,000","784,000,000","794,000,000","789,000,000","765,000,000","727,000,000","726,000,000","717,000,000","692,000,000","668,000,000","688,000,000","677,000,000","637,000,000","637,000,000","627,000,000","604,000,000","592,000,000","572,000,000","566,000,000","557,000,000","548,000,000","542,000,000","524,000,000","517,000,000","522,000,000","518,000,000","514,000,000","509,000,000","491,000,000","484,000,000","474,000,000","473,000,000","448,000,000","436,000,000","430,000,000","419,000,000","418,000,000","397,000,000","381,000,000","394,000,000","392,000,000","382,000,000","382,000,000","397,000,000","392,000,000","385,000,000","376,000,000",,,,,,,,,,,,,,,,,,,,,,,,,,,,,,,,,,,,,,,,,,,,,,,,,,,,,,,,,,
	NetRealizedGainLossOnInvestments,"-109,000,000","-11,000,000","-5,000,000","-521,000,000","-17,000,000","564,000,000","-80,000,000","-48,000,000","-171,000,000","89,000,000","307,000,000","693,000,000","108,000,000","-170,000,000","-463,000,000","22,000,000","-135,000,000","-64,000,000","73,000,000","-290,000,000","61,000,000","8,000,000","-127,000,000","-32,000,000","61,000,000","5,000,000","-7,000,000","128,000,000","-17,000,000","13,000,000","91,000,000","117,000,000","26,000,000","92,000,000","68,000,000","44,000,000","33,000,000","97,000,000","41,000,000","-15,000,000","72,000,000","86,000,000","119,000,000","651,000,000","286,000,000","-418,000,000","-45,000,000","-222,000,000","-83,000,000","-668,000,000","-579,000,000","-295,000,000","9,000,000","-89,000,000","-46,000,000","-473,000,000","-347,000,000","-383,000,000","-9,000,000","-402,000,000","-597,000,000","-1,000,000","-7,000,000","0","1,000,000","15,000,000","13,000,000","4,000,000","11,000,000","50,000,000","14,000,000","107,000,000","140,000,000","11,000,000","3,000,000","-5,000,000","-8,000,000","-5,000,000","6,000,000","-284,000,000","-4,000,000","-6,000,000","-7,000,000","0","-3,000,000","-3,000,000","-8,000,000","1,000,000","-27,000,000","-4,000,000","-1,000,000","-2,000,000","-6,000,000","-91,000,000","-2,000,000",,,,,,,,,,,,,,,,,,,,,,,,,,,,,,,,,,,,,,,,,,,,,,,,,,,,,,,,,,
	NetForeignExchangeGainLoss,"1,226,000,000","1,161,000,000","141,000,000","-794,000,000","718,000,000",,"643,000,000",,,,,,,,,,,,,,,,,,,,,,,,,,,,,,,,,,,,,,,,,,,,,,,,,,,,,,,,,,,,,,,,,,,,,,,,,,,,,,,,,,,,,,,,,,,,,,,,,,,,,,,,,,,,,,,,,,,,,,,,,,,,,,,,,,,,,,,,,,,,,,,,,,
	FeeRevenueAndOtherIncome,"192,000,000","45,000,000","46,000,000","50,000,000","50,000,000",,,,,,,,,,,,,,,,,,,,,,,,,,,,,,,,,,,,,,,,"32,000,000","8,000,000","25,000,000","18,000,000","17,000,000","16,000,000","30,000,000","15,000,000","13,000,000","9,000,000","37,000,000","6,000,000","16,000,000","33,000,000","24,000,000","4,000,000","4,000,000","16,000,000","12,000,000","18,000,000","8,000,000","15,000,000","16,000,000","12,000,000","11,000,000","12,000,000","16,000,000","11,000,000","10,000,000","18,000,000","1,000,000","4,000,000","16,000,000","-14,000,000","27,000,000","-6,000,000","9,000,000","24,000,000","12,000,000","0","39,000,000","22,000,000",,"-29,000,000","47,000,000","-10,000,000","11,000,000","8,000,000","8,000,000","10,000,000","4,000,000","-974,000,000","349,000,000","326,000,000","320,000,000","-817,400,000","278,200,000","279,500,000","284,600,000","-789,134,000","280,900,000","541,400,000","271,400,000","-675,868,000","288,400,000","280,200,000","274,000,000","-745,800,000","280,300,000","298,700,000","261,900,000","-587,141,000","239,300,000","226,300,000","212,800,000","210,500,000","201,600,000","191,800,000","172,000,000","168,400,000","160,700,000","147,600,000","140,600,000","142,400,000","135,900,000","122,700,000","116,400,000","117,200,000","110,100,000","98,600,000","93,500,000","110,200,000","94,300,000","101,800,000","98,800,000",,,,,,,,,,,,,,
		OtherIncomeExpense,"192,000,000","45,000,000","46,000,000","50,000,000","50,000,000",,,,,,,,,,,,,,,,,,,,,,,,,,,,,,,,,,,,,,,,"32,000,000","8,000,000","25,000,000","18,000,000","17,000,000","16,000,000","30,000,000","15,000,000","13,000,000","9,000,000","37,000,000","6,000,000","16,000,000","33,000,000","24,000,000","4,000,000","4,000,000","16,000,000","12,000,000","18,000,000","8,000,000","15,000,000","16,000,000","12,000,000","11,000,000","12,000,000","16,000,000","11,000,000","10,000,000","18,000,000","1,000,000","4,000,000","16,000,000","-14,000,000","27,000,000","-6,000,000","9,000,000","24,000,000","12,000,000","0","39,000,000","22,000,000",,"-29,000,000","47,000,000","-10,000,000","11,000,000","8,000,000","8,000,000","10,000,000","4,000,000","-974,000,000","349,000,000","326,000,000","320,000,000","-817,400,000","278,200,000","279,500,000","284,600,000","-789,134,000","280,900,000","541,400,000","271,400,000","-675,868,000","288,400,000","280,200,000","274,000,000","-745,800,000","280,300,000","298,700,000","261,900,000","-587,141,000","239,300,000","226,300,000","212,800,000","210,500,000","201,600,000","191,800,000","172,000,000","168,400,000","160,700,000","147,600,000","140,600,000","142,400,000","135,900,000","122,700,000","116,400,000","117,200,000","110,100,000","98,600,000","93,500,000","110,200,000","94,300,000","101,800,000","98,800,000",,,,,,,,,,,,,,
TotalExpenses,"14,261,000,000","3,348,000,000","3,458,000,000","3,410,000,000","3,717,000,000","3,699,000,000","3,996,000,000","4,200,000,000","4,124,000,000","4,191,000,000","4,266,000,000","4,817,000,000","4,512,000,000","4,337,000,000","4,442,000,000","4,545,000,000","4,483,000,000","4,402,000,000","4,415,000,000","4,388,000,000","4,431,000,000","4,458,000,000","4,482,000,000","4,425,000,000","4,431,000,000","4,383,000,000","4,411,000,000","4,575,000,000","4,753,000,000","4,603,000,000","4,334,000,000","4,190,000,000","4,176,000,000","4,413,000,000","4,213,000,000","4,439,000,000","4,662,000,000","4,600,000,000","4,536,000,000","4,773,000,000","4,817,000,000","4,686,000,000","4,847,000,000","5,495,000,000","5,367,000,000","5,161,000,000","5,038,000,000","5,145,000,000","4,882,000,000","4,635,000,000","4,517,000,000","4,627,000,000","4,339,000,000","4,091,000,000","4,091,000,000","4,255,000,000","3,977,000,000","3,840,000,000","3,947,000,000","3,960,000,000","3,543,000,000","3,596,000,000","3,541,000,000","3,431,000,000","3,219,000,000","3,129,000,000","3,115,000,000","3,179,000,000","3,115,000,000","3,073,000,000","2,984,000,000","3,008,000,000","3,024,000,000","3,051,000,000","3,053,000,000","2,998,000,000","2,862,000,000","2,813,000,000","2,802,000,000","2,741,000,000","2,560,000,000","2,484,000,000","2,437,000,000","2,371,000,000","2,350,000,000","2,191,000,000","2,086,000,000","2,140,000,000","2,152,000,000","2,099,000,000","2,147,000,000","2,231,000,000","2,223,000,000","2,099,000,000","2,155,000,000","7,169,000,000","240,000,000","225,000,000","230,000,000","5,982,300,000","186,800,000","188,500,000","195,300,000","5,793,382,000","202,000,000","198,400,000","192,100,000","5,858,302,000","199,000,000","195,800,000","197,000,000","5,967,725,000","206,700,000","219,200,000","196,000,000","5,095,122,000","185,500,000","169,800,000","158,400,000","151,500,000","147,000,000","138,400,000","127,100,000","121,700,000","117,400,000","110,200,000","108,600,000","3,000,000","3,400,000","4,100,000","3,500,000","3,400,000","3,500,000","4,100,000","4,200,000","4,300,000","4,700,000","5,800,000","4,400,000",,,,,,,,,,,,,,
	LossAdjustmentExpense,"11,765,000,000","2,826,000,000","2,150,000,000","2,890,000,000","2,340,000,000","2,298,000,000","2,487,000,000","2,581,000,000","2,609,000,000","2,653,000,000","2,735,000,000","592,000,000","2,985,000,000","2,897,000,000","2,939,000,000","2,985,000,000","3,796,000,000","2,964,000,000","2,967,000,000","3,720,000,000","4,431,000,000","4,458,000,000","4,482,000,000","4,425,000,000","4,431,000,000","4,383,000,000","4,411,000,000","3,913,000,000","4,753,000,000","4,603,000,000","4,334,000,000","3,510,000,000","4,176,000,000","4,413,000,000","4,213,000,000","4,439,000,000","4,662,000,000","4,600,000,000","4,536,000,000","4,773,000,000","4,817,000,000","4,686,000,000","4,847,000,000","5,495,000,000","3,932,000,000","3,763,000,000","3,646,000,000","3,700,000,000","3,517,000,000","3,310,000,000","3,222,000,000","3,263,000,000","3,102,000,000","2,885,000,000","2,857,000,000","2,957,000,000","2,817,000,000","2,723,000,000","2,811,000,000","2,835,000,000","2,551,000,000","2,575,000,000","2,538,000,000","2,430,000,000","2,331,000,000","2,266,000,000","2,258,000,000","2,301,000,000","2,291,000,000","2,243,000,000","2,181,000,000","2,157,000,000","2,237,000,000","2,229,000,000","2,266,000,000","2,212,000,000","2,124,000,000","2,068,000,000","2,078,000,000","2,029,000,000","1,872,000,000","1,827,000,000","1,800,000,000","1,711,000,000","1,735,000,000","1,610,000,000","1,534,000,000","1,583,000,000","1,584,000,000","1,550,000,000","1,606,000,000","1,672,000,000","1,676,000,000","1,650,000,000","1,620,000,000",,,,,,,,,,,,,,,,,,,,,,,,,,,,,,,,,,,,,,,,,,,,,,,,,,,,,,,,,,
		NetPolicyholderBenefitsAndClaims,"11,765,000,000","2,826,000,000","2,150,000,000","2,890,000,000","2,340,000,000","2,298,000,000","2,487,000,000","2,581,000,000","2,609,000,000","2,653,000,000","2,735,000,000","592,000,000","2,985,000,000","2,897,000,000","2,939,000,000","2,985,000,000","3,796,000,000","2,964,000,000","2,967,000,000","3,720,000,000","4,431,000,000","4,458,000,000","4,482,000,000","4,425,000,000","4,431,000,000","4,383,000,000","4,411,000,000","3,913,000,000","4,753,000,000","4,603,000,000","4,334,000,000","3,510,000,000","4,176,000,000","4,413,000,000","4,213,000,000","4,439,000,000","4,662,000,000","4,600,000,000","4,536,000,000","4,773,000,000","4,817,000,000","4,686,000,000","4,847,000,000","5,495,000,000","3,932,000,000","3,763,000,000","3,646,000,000","3,700,000,000","3,517,000,000","3,310,000,000","3,222,000,000","3,263,000,000","3,102,000,000","2,885,000,000","2,857,000,000","2,957,000,000","2,817,000,000","2,723,000,000","2,811,000,000","2,835,000,000","2,551,000,000","2,575,000,000","2,538,000,000","2,430,000,000","2,331,000,000","2,266,000,000","2,258,000,000","2,301,000,000","2,291,000,000","2,243,000,000","2,181,000,000","2,157,000,000","2,237,000,000","2,229,000,000","2,266,000,000","2,212,000,000","2,124,000,000","2,068,000,000","2,078,000,000","2,029,000,000","1,872,000,000","1,827,000,000","1,800,000,000","1,711,000,000","1,735,000,000","1,610,000,000","1,534,000,000","1,583,000,000","1,584,000,000","1,550,000,000","1,606,000,000","1,672,000,000","1,676,000,000","1,650,000,000","1,620,000,000",,,,,,,,,,,,,,,,,,,,,,,,,,,,,,,,,,,,,,,,,,,,,,,,,,,,,,,,,,
			PolicyholderBenefitsGross,,,"3,029,000,000","2,911,000,000","3,230,000,000",,"3,407,000,000","3,637,000,000","3,573,000,000","3,629,000,000","3,666,000,000","4,116,000,000","3,935,000,000","3,769,000,000","3,838,000,000","3,951,000,000","3,914,000,000","3,818,000,000","3,798,000,000","3,827,000,000","3,844,000,000","3,878,000,000","3,892,000,000","3,877,000,000","3,883,000,000","3,821,000,000","3,786,000,000","4,035,000,000","4,132,000,000","3,988,000,000","3,705,000,000","3,623,000,000","3,592,000,000","3,597,000,000","3,569,000,000","3,782,000,000","3,993,000,000","3,901,000,000","3,825,000,000",,,,,,,,,,,,,,,,,,,,,,,,,,,,,,,,,,,,,,,,,,,,,,,,,,,,,,,,,,,,,,,,,,,,,,,,,,,,,,,,,,,,,,,,,,,,,,,,,,,,,,,,,,,,,,,,,,
			PolicyholderBenefitsCeded,,,"104,000,000","21,000,000","107,000,000",,"89,000,000","95,000,000","95,000,000","95,000,000","99,000,000","104,000,000","103,000,000","116,000,000","120,000,000","108,000,000","118,000,000","111,000,000","112,000,000","107,000,000","112,000,000","115,000,000","117,000,000","115,000,000","114,000,000","117,000,000","120,000,000","122,000,000","129,000,000","121,000,000","117,000,000","113,000,000","111,000,000","110,000,000","87,000,000","89,000,000","72,000,000","71,000,000","71,000,000",,,,,,,,,,,,,,,,,,,,,,,,,,,,,,,,,,,,,,,,,,,,,,,,,,,,,,,,,,,,,,,,,,,,,,,,,,,,,,,,,,,,,,,,,,,,,,,,,,,,,,,,,,,,,,,,,,
	PolicyAcquisitionExpense,"1,154,000,000","202,000,000","1,308,000,000","194,000,000","1,377,000,000","1,401,000,000","1,509,000,000","1,619,000,000","1,515,000,000","1,538,000,000","1,531,000,000","5,278,000,000","1,527,000,000","1,440,000,000","1,503,000,000","1,560,000,000","317,000,000","1,438,000,000","1,448,000,000","313,000,000","315,000,000","303,000,000","314,000,000","284,000,000","271,000,000","283,000,000","294,000,000","283,000,000","282,000,000","284,000,000","292,000,000","276,000,000","258,000,000","255,000,000","277,000,000","267,000,000","271,000,000","276,000,000","294,000,000","284,000,000","256,000,000","251,000,000","283,000,000","279,000,000","1,435,000,000","1,398,000,000","1,392,000,000","288,000,000","1,365,000,000","1,325,000,000","1,295,000,000","278,000,000","243,000,000","1,206,000,000","1,234,000,000","250,000,000","1,160,000,000","1,117,000,000",,,"992,000,000",,"605,000,000","-880,000,000","523,000,000","506,000,000","491,000,000","-824,000,000","471,000,000","474,000,000","451,000,000","-779,000,000","440,000,000","458,000,000","424,000,000","-677,000,000","399,000,000","410,000,000","387,000,000","-601,000,000","377,000,000","348,000,000","340,000,000","-511,000,000","317,000,000","293,000,000","285,000,000","295,000,000","290,000,000","272,000,000","264,000,000","273,000,000","259,000,000","270,000,000","258,000,000","218,000,000","235,000,000","220,000,000","226,000,000","143,800,000","184,000,000","185,100,000","192,000,000","77,568,000","198,900,000","194,300,000","188,800,000","20,540,000","195,400,000","191,800,000","192,000,000","-16,047,000","202,600,000","214,800,000","192,400,000","11,584,000","181,700,000","166,400,000","155,700,000","150,600,000","146,900,000","138,300,000","126,200,000","120,900,000","116,600,000","108,800,000","105,700,000",,,,,,,,,,,,,,,,,,,,,,,,,,
	UnderwritingExpenses,,,,,,,,,,,,,,,,,,,,,,,,,,,,,,,,,,,,,,,,,,,,,,,,,,,,,,"508,000,000","481,000,000","572,000,000","487,000,000","462,000,000",,,,,,,,,,,,,,,,,,,,,,,,,,,,,,,,,,,,,,,,,,,,,,,,,,,,,,,,,,,,,,,,,,,,,,,,,,,,,,,,,,,,,,,,,,,,,,,
	FeesandCommissionExpense,"1,085,000,000","268,000,000","280,000,000","271,000,000","267,000,000","279,000,000","300,000,000","304,000,000","311,000,000","315,000,000","326,000,000","323,000,000","325,000,000","332,000,000","336,000,000","331,000,000","330,000,000","329,000,000","331,000,000","313,000,000","331,000,000","338,000,000","337,000,000","320,000,000","332,000,000","335,000,000","328,000,000","337,000,000","353,000,000","345,000,000","333,000,000","322,000,000","326,000,000","325,000,000","330,000,000","340,000,000","361,000,000","369,000,000","366,000,000","370,000,000","388,000,000","378,000,000","392,000,000",,,,,,,,,,,,,,,,,,,,,,,,,,,,,,,,,,,,,,,,,,,,,,,,,,,,,,,,,,,,,,,,,,,,,,,,,,,,,,,,,,,,,,,,,,,,,,,,,,,,,,,,,,,,,,
	SellingGeneralAndAdministration,,,,,,,,,,,,,,,,,,,,,,,,,,,,,,,,,,,,,,,,,,,,,"1,037,000,000","1,019,000,000","999,000,000","1,054,000,000","996,000,000","970,000,000","930,000,000","993,000,000","917,000,000","398,000,000","403,000,000","410,000,000","388,000,000","381,000,000","389,000,000","385,000,000","355,000,000","362,000,000",,,,,,,,,,,,,,,,,,,,,,,,,,,,,,,,,,,,,,,,,,,,,,,,,,,,,,,,,,,,,,,,,,,,,,,,,,,,,,,,,,,,,,,,,,,
		GeneralAndAdministrativeExpense,,,,,,,,,,,,,,,,,,,,,,,,,,,,,,,,,,,,,,,,,,,,,"595,000,000","587,000,000","564,000,000","616,000,000","558,000,000","543,000,000","508,000,000","569,000,000","505,000,000",,,,,,,,,,,,,,,,,,,,,,,,,,,,,,,,,,,,,,,,,,,,,,,,,,,,,,,,,,,,,,,,,,,,,,,,,,,,,,,,,,,,,,,,,,,,,,,,,,,,
			OtherGandA,,,,,,,,,,,,,,,,,,,,,,,,,,,,,,,,,,,,,,,,,,,,,"595,000,000","587,000,000","564,000,000","616,000,000","558,000,000","543,000,000","508,000,000","569,000,000","505,000,000",,,,,,,,,,,,,,,,,,,,,,,,,,,,,,,,,,,,,,,,,,,,,,,,,,,,,,,,,,,,,,,,,,,,,,,,,,,,,,,,,,,,,,,,,,,,,,,,,,,,
		SellingAndMarketingExpense,,,,,,,,,,,,,,,,,,,,,,,,,,,,,,,,,,,,,,,,,,,,,"442,000,000","432,000,000","435,000,000","438,000,000","438,000,000","427,000,000","422,000,000","424,000,000","412,000,000","398,000,000","403,000,000","410,000,000","388,000,000","381,000,000","389,000,000","385,000,000","355,000,000","362,000,000",,,,,,,,,,,,,,,,,,,,,,,,,,,,,,,,,,,,,,,,,,,,,,,,,,,,,,,,,,,,,,,,,,,,,,,,,,,,,,,,,,,,,,,,,,,
	NetNonOperatingInterestIncomeExpense,"-213,000,000","-51,000,000","-48,000,000","-55,000,000","-59,000,000","-55,000,000","-56,000,000","-57,000,000","-57,000,000","-62,000,000","-62,000,000","-61,000,000","-63,000,000","-63,000,000","-55,000,000","-57,000,000","-57,000,000","-57,000,000","-58,000,000","-58,000,000","-53,000,000","-54,000,000","-56,000,000","-59,000,000","-59,000,000","-61,000,000","-62,000,000","-72,000,000","-65,000,000","-66,000,000","-65,000,000","-65,000,000","-67,000,000","-74,000,000","-83,000,000","-79,000,000","-77,000,000","-81,000,000","-80,000,000","-82,000,000","-71,000,000","-69,000,000","-71,000,000","-75,000,000","-67,000,000","-62,000,000","-57,000,000","-53,000,000","-52,000,000","-46,000,000","-45,000,000","-44,000,000","-39,000,000","-33,000,000","-33,000,000","-26,000,000","-25,000,000","-14,000,000","-8,000,000","-8,000,000","-7,000,000","-7,000,000","-7,000,000","-7,000,000","-6,000,000","-6,000,000","-8,000,000","-5,000,000","-4,000,000","-5,000,000","-5,000,000","-6,000,000","-6,000,000","-6,000,000","-6,000,000","-6,000,000","-6,000,000","-6,000,000","-6,000,000","-6,000,000","-6,000,000","-5,000,000","-5,000,000","-6,000,000","-5,000,000","-5,000,000","-4,000,000","-4,000,000","-5,000,000","-5,000,000","-5,000,000","-5,000,000","-5,000,000","-5,000,000","-5,000,000","-5,000,000","-5,000,000","-5,000,000","-4,000,000","-3,500,000","-2,800,000","-3,400,000","-3,300,000","-3,209,000","-3,100,000","-4,100,000","-3,300,000","-3,486,000","-3,600,000","-4,000,000","-5,000,000","-3,511,000","-4,100,000","-4,400,000","-3,600,000","-5,996,000","-3,800,000","-3,400,000","-2,700,000","-900,000","-100,000","-100,000","-900,000","-800,000","-800,000","-1,400,000","-2,900,000","-3,000,000","-3,400,000","-4,100,000","-3,500,000","-3,400,000","-3,500,000","-4,100,000","-4,200,000","-4,300,000","-4,700,000","-5,800,000","-4,400,000",,,,,,,,,,,,,,
		InterestExpenseNonOperating,"213,000,000","51,000,000","48,000,000","55,000,000","59,000,000","55,000,000","56,000,000","57,000,000","57,000,000","62,000,000","62,000,000","61,000,000","63,000,000","63,000,000","55,000,000","57,000,000","57,000,000","57,000,000","58,000,000","58,000,000","53,000,000","54,000,000","56,000,000","59,000,000","59,000,000","61,000,000","62,000,000","72,000,000","65,000,000","66,000,000","65,000,000","65,000,000","67,000,000","74,000,000","83,000,000","79,000,000","77,000,000","81,000,000","80,000,000","82,000,000","71,000,000","69,000,000","71,000,000","75,000,000","67,000,000","62,000,000","57,000,000","53,000,000","52,000,000","46,000,000","45,000,000","44,000,000","39,000,000","33,000,000","33,000,000","26,000,000","25,000,000","14,000,000","8,000,000","8,000,000","7,000,000","7,000,000","7,000,000","7,000,000","6,000,000","6,000,000","8,000,000","5,000,000","4,000,000","5,000,000","5,000,000","6,000,000","6,000,000","6,000,000","6,000,000","6,000,000","6,000,000","6,000,000","6,000,000","6,000,000","6,000,000","5,000,000","5,000,000","6,000,000","5,000,000","5,000,000","4,000,000","4,000,000","5,000,000","5,000,000","5,000,000","5,000,000","5,000,000","5,000,000","5,000,000","5,000,000","5,000,000","5,000,000","4,000,000","3,500,000","2,800,000","3,400,000","3,300,000","3,209,000","3,100,000","4,100,000","3,300,000","3,486,000","3,600,000","4,000,000","5,000,000","3,511,000","4,100,000","4,400,000","3,600,000","5,996,000","3,800,000","3,400,000","2,700,000","900,000","100,000","100,000","900,000","800,000","800,000","1,400,000","2,900,000","3,000,000","3,400,000","4,100,000","3,500,000","3,400,000","3,500,000","4,100,000","4,200,000","4,300,000","4,700,000","5,800,000","4,400,000",,,,,,,,,,,,,,
	OtherOperatingExpenses,"44,000,000","1,000,000","28,000,000","8,000,000","7,000,000","-50,000,000","-92,000,000","-51,000,000","-45,000,000","-41,000,000","-44,000,000","88,000,000","-38,000,000","-43,000,000","-40,000,000","-34,000,000","-17,000,000","-18,000,000","-17,000,000","-16,000,000","-15,000,000","-18,000,000","-16,000,000","-17,000,000","-17,000,000","-17,000,000","44,000,000","-30,000,000","52,000,000","62,000,000","81,000,000","17,000,000","54,000,000","253,000,000","42,000,000","-14,000,000","-6,000,000","39,000,000","37,000,000","5,000,000","34,000,000","31,000,000","11,000,000","-44,000,000","50,000,000","48,000,000","49,000,000","50,000,000","45,000,000","45,000,000","41,000,000","49,000,000","1,237,000,000","38,000,000","37,000,000","40,000,000","44,000,000","35,000,000","739,000,000","658,000,000","630,000,000","652,000,000","391,000,000","-948,000,000","359,000,000","351,000,000","358,000,000","-943,000,000","349,000,000","351,000,000","347,000,000","-959,000,000","341,000,000","358,000,000","357,000,000","-893,000,000","333,000,000","329,000,000","331,000,000","-821,000,000","305,000,000","304,000,000","292,000,000","-714,000,000","293,000,000","283,000,000","263,000,000","258,000,000","273,000,000","272,000,000","272,000,000","382,000,000","283,000,000","174,000,000","272,000,000",,,,,,,,,,,,,,,,,,,,,,,,,,,,,,,,,,,,,,,,,,,,,,,,,,,,,,,,,,
PretaxIncome,"4,769,000,000","1,825,000,000","1,342,000,000","538,000,000","1,103,000,000","1,701,000,000","1,276,000,000","1,233,000,000","1,113,000,000","1,373,000,000","1,603,000,000","1,217,000,000","1,153,000,000","1,070,000,000","720,000,000","1,058,000,000","1,036,000,000","1,109,000,000","1,242,000,000","722,000,000","1,146,000,000","1,131,000,000","982,000,000","999,000,000","1,075,000,000","1,045,000,000","898,000,000","1,153,000,000","963,000,000","834,000,000","1,117,000,000","1,110,000,000","864,000,000","874,000,000","1,013,000,000","1,075,000,000","1,074,000,000","1,238,000,000","1,104,000,000","1,028,000,000","1,069,000,000","1,358,000,000","1,361,000,000","880,000,000","1,480,000,000","741,000,000","1,202,000,000","834,000,000","1,105,000,000","453,000,000","600,000,000","667,000,000","1,055,000,000","889,000,000","974,000,000","342,000,000","549,000,000","473,000,000","871,000,000","300,000,000","148,000,000","740,000,000","726,000,000","586,000,000","642,000,000","635,000,000","636,000,000","508,000,000","557,000,000","624,000,000","575,000,000","559,000,000","645,000,000","516,000,000","506,000,000","449,000,000","459,000,000","420,000,000","478,000,000","106,000,000","371,000,000","377,000,000","370,000,000","295,000,000","357,000,000","322,000,000","285,000,000","264,000,000","294,000,000","249,000,000","274,000,000","257,000,000","252,000,000","259,000,000","243,000,000","778,000,000","0","0","0","551,000,000","0","0","0","864,820,000","0","0","0","650,001,000","0","0","0","600,995,000","0","0","0","504,336,000","0","0","0","0","0","0","0","0","0","0","0","0","0","0","0","0","0","0","0","0","0","0","0",,,,,,,,,,,,,,
TaxProvision,"187,000,000","191,000,000","154,000,000","342,000,000","-493,000,000","313,000,000","244,000,000","194,000,000","225,000,000","268,000,000","310,000,000","265,000,000","-1,303,000,000","265,000,000","154,000,000","276,000,000","259,000,000","292,000,000","314,000,000","197,000,000","301,000,000","299,000,000","265,000,000","-1,352,000,000","359,000,000","332,000,000","306,000,000","402,000,000","334,000,000","286,000,000","386,000,000","380,000,000","297,000,000","301,000,000","350,000,000","372,000,000","368,000,000","428,000,000","372,000,000","353,000,000","367,000,000","469,000,000","469,000,000","299,000,000","463,000,000","258,000,000","417,000,000","288,000,000","361,000,000","173,000,000","205,000,000","230,000,000","365,000,000","308,000,000","338,000,000","90,000,000","186,000,000","159,000,000","302,000,000","103,000,000","48,000,000","257,000,000","252,000,000","203,000,000","222,000,000","220,000,000","220,000,000","175,000,000","190,000,000","216,000,000","200,000,000","195,000,000","190,000,000","180,000,000","178,000,000","31,000,000","158,000,000","155,000,000","163,000,000","34,000,000","134,000,000","129,000,000","133,000,000","109,000,000","117,000,000","110,000,000","102,000,000","102,000,000","101,000,000","96,000,000","96,000,000","91,000,000","89,000,000","57,000,000","87,000,000","57,000,000","76,000,000","67,000,000","7,000,000","59,500,000","53,900,000","57,500,000","-106,900,000","48,897,000","59,700,000","112,200,000","59,000,000","71,838,000","64,600,000","58,500,000","61,000,000","60,138,000","63,800,000","67,000,000","61,100,000","54,946,000","53,500,000","51,200,000","52,000,000","48,600,000","46,700,000","46,500,000","43,100,000","37,600,000","36,900,000","34,800,000","31,900,000","30,200,000","29,800,000","29,500,000","26,500,000","26,400,000","25,900,000","23,200,000","23,600,000","35,600,000","26,900,000","9,600,000","25,000,000",,,,,,,,,,,,,,
EarningsFromEquityInterestNetOfTax,,,,,,,,,,,,,,,,,,,,,,,,,,,,,,,,,,,,,,,,,,,,,,,,,,,,,,,,,,,,,,,,,,,,,,,,,,,,,,,,,,,,,,,,,,,,,,,,,"220,000,000","197,000,000","203,000,000",,"161,500,000","160,200,000","53,500,000",,"155,800,000","415,000,000","149,200,000",,"152,900,000","144,200,000","148,000,000",,"151,800,000","159,900,000","146,000,000",,"129,700,000","120,500,000","122,000,000","115,600,000","111,200,000","105,200,000","96,800,000","86,500,000","84,800,000","79,100,000","74,300,000","71,900,000","68,400,000","64,200,000","60,200,000","59,900,000","55,700,000","51,000,000","49,700,000","61,400,000","51,000,000","11,900,000","53,700,000",,,,,,,,,,,,,,
NetIncomeCommonStockholders,"4,582,000,000","1,634,000,000","1,188,000,000","196,000,000","1,596,000,000","1,388,000,000","1,032,000,000","1,039,000,000","888,000,000","1,105,000,000","1,293,000,000","952,000,000","2,456,000,000","805,000,000","566,000,000","782,000,000","777,000,000","817,000,000","928,000,000","525,000,000","845,000,000","832,000,000","717,000,000","2,351,000,000","716,000,000","713,000,000","592,000,000","751,000,000","629,000,000","548,000,000","731,000,000","730,000,000","567,000,000","573,000,000","663,000,000","703,000,000","706,000,000","810,000,000","732,000,000","675,000,000","702,000,000","889,000,000","892,000,000","581,000,000","1,017,000,000","483,000,000","785,000,000","546,000,000","744,000,000","280,000,000","395,000,000","437,000,000","690,000,000","581,000,000","636,000,000","252,000,000","363,000,000","314,000,000","569,000,000","197,000,000","100,000,000","483,000,000","474,000,000","383,000,000","420,000,000","415,000,000","416,000,000","333,000,000","367,000,000","408,000,000","375,000,000","364,000,000","455,000,000","336,000,000","328,000,000","418,000,000","301,000,000","265,000,000","315,000,000","72,000,000","237,000,000","248,000,000","237,000,000","186,000,000","240,000,000","212,000,000","183,000,000","162,000,000","193,000,000","153,000,000","178,000,000","166,000,000","163,000,000","202,000,000","156,000,000","102,000,000","144,000,000","130,000,000","196,000,000","116,300,000","107,600,000","102,700,000","160,400,000","96,023,000","96,100,000","302,800,000","90,200,000","133,763,000","88,300,000","85,700,000","87,000,000","83,357,000","88,000,000","92,900,000","84,900,000","77,390,000","76,200,000","69,300,000","70,000,000","66,600,000","64,500,000","58,700,000","65,100,000","48,900,000","47,900,000","44,300,000","42,400,000","41,700,000","38,600,000","34,700,000","33,700,000","33,500,000","29,800,000","27,800,000","26,100,000","25,800,000","24,100,000","2,300,000","28,700,000","26,500,000","28,300,000","26,900,000","27,100,000","25,500,000","25,100,000","22,700,000","20,000,000","21,700,000","20,400,000","19,200,000","16,800,000","16,400,000","14,000,000"
	NetIncome,"4,582,000,000","1,634,000,000","1,188,000,000","196,000,000","1,596,000,000","1,388,000,000","1,032,000,000","1,039,000,000","888,000,000","1,105,000,000","1,293,000,000","952,000,000","2,456,000,000","805,000,000","566,000,000","782,000,000","777,000,000","817,000,000","928,000,000","525,000,000","845,000,000","832,000,000","717,000,000","2,351,000,000","716,000,000","713,000,000","592,000,000","751,000,000","629,000,000","548,000,000","731,000,000","730,000,000","567,000,000","573,000,000","663,000,000","703,000,000","706,000,000","810,000,000","732,000,000","675,000,000","702,000,000","889,000,000","892,000,000","581,000,000","1,017,000,000","483,000,000","785,000,000","546,000,000","744,000,000","280,000,000","395,000,000","437,000,000","690,000,000","581,000,000","636,000,000","252,000,000","363,000,000","314,000,000","569,000,000","197,000,000","100,000,000","483,000,000","474,000,000","383,000,000","420,000,000","415,000,000","416,000,000","333,000,000","367,000,000","408,000,000","375,000,000","364,000,000","455,000,000","336,000,000","328,000,000","418,000,000","301,000,000","265,000,000","315,000,000","72,000,000","237,000,000","248,000,000","237,000,000","186,000,000","240,000,000","212,000,000","183,000,000","162,000,000","193,000,000","153,000,000","178,000,000","166,000,000","163,000,000","202,000,000","156,000,000","102,000,000","144,000,000","130,000,000","196,000,000","116,300,000","107,600,000","102,700,000","160,400,000","96,023,000","96,100,000","302,800,000","90,200,000","133,763,000","88,300,000","85,700,000","87,000,000","83,357,000","88,000,000","92,900,000","84,900,000","77,390,000","76,200,000","69,300,000","70,000,000","66,600,000","64,500,000","58,700,000","65,100,000","48,900,000","47,900,000","44,300,000","42,400,000","41,700,000","38,600,000","34,700,000","33,700,000","33,500,000","29,800,000","27,800,000","26,100,000","25,800,000","24,100,000","2,300,000","28,700,000","26,500,000","28,300,000","26,900,000","27,100,000","25,500,000","25,100,000","22,700,000","20,000,000","21,700,000","20,400,000","19,200,000","16,800,000","16,400,000","14,000,000"
		NetIncomeIncludingNoncontrollingInterests,"4,582,000,000","1,634,000,000","1,188,000,000","196,000,000","1,596,000,000","1,388,000,000","1,032,000,000","1,039,000,000","888,000,000","1,105,000,000","1,293,000,000","952,000,000","2,456,000,000","805,000,000","566,000,000","782,000,000","777,000,000","817,000,000","928,000,000","525,000,000","845,000,000","832,000,000","717,000,000","2,351,000,000","716,000,000","713,000,000","592,000,000","751,000,000","629,000,000","548,000,000","731,000,000","730,000,000","567,000,000","573,000,000","663,000,000","703,000,000","706,000,000","810,000,000","732,000,000","675,000,000","702,000,000","889,000,000","892,000,000","581,000,000","1,017,000,000","483,000,000","785,000,000","546,000,000","744,000,000","280,000,000","395,000,000","437,000,000","690,000,000","581,000,000","636,000,000","252,000,000","363,000,000","314,000,000","569,000,000","197,000,000","100,000,000","483,000,000","474,000,000","383,000,000","420,000,000","415,000,000","416,000,000","333,000,000","367,000,000","408,000,000","375,000,000","364,000,000","455,000,000","336,000,000","328,000,000","418,000,000","301,000,000","265,000,000","315,000,000","72,000,000","237,000,000","248,000,000","237,000,000","186,000,000","240,000,000","212,000,000","183,000,000","162,000,000","193,000,000","153,000,000","178,000,000","166,000,000","163,000,000","202,000,000","156,000,000","102,000,000","144,000,000","130,000,000","196,000,000","116,300,000","107,600,000","102,700,000","160,400,000","96,023,000","96,100,000","302,800,000","90,200,000","133,763,000","88,300,000","85,700,000","87,000,000","83,357,000","88,000,000","92,900,000","84,900,000","77,390,000","76,200,000","69,300,000","70,000,000","66,600,000","64,500,000","58,700,000","65,100,000","48,900,000","47,900,000","44,300,000","42,400,000","41,700,000","38,600,000","34,700,000","33,700,000","33,500,000","29,800,000","27,800,000","26,100,000","25,800,000","24,100,000","2,300,000","28,700,000","26,500,000","28,300,000","26,900,000","27,100,000","25,500,000","25,100,000","22,700,000","20,000,000","21,700,000","20,400,000","19,200,000","16,800,000","16,400,000","14,000,000"
			NetIncomeContinuousOperations,"4,582,000,000","1,634,000,000","1,188,000,000","196,000,000","1,596,000,000","1,388,000,000","1,032,000,000","1,039,000,000","888,000,000","1,105,000,000","1,293,000,000","952,000,000","2,456,000,000","805,000,000","566,000,000","782,000,000","777,000,000","817,000,000","928,000,000","525,000,000","845,000,000","832,000,000","717,000,000","2,351,000,000","716,000,000","713,000,000","592,000,000","751,000,000","629,000,000","548,000,000","731,000,000","730,000,000","567,000,000","573,000,000","663,000,000","703,000,000","706,000,000","810,000,000","732,000,000","675,000,000","702,000,000","889,000,000","892,000,000","581,000,000","1,017,000,000","483,000,000","785,000,000","546,000,000","744,000,000","280,000,000","395,000,000","437,000,000","690,000,000","581,000,000","636,000,000","252,000,000","363,000,000","314,000,000","569,000,000","197,000,000","100,000,000","483,000,000","474,000,000","383,000,000","420,000,000","415,000,000","416,000,000","333,000,000","367,000,000","408,000,000","375,000,000","364,000,000","455,000,000","336,000,000","328,000,000","418,000,000","301,000,000","265,000,000","315,000,000","72,000,000","237,000,000","248,000,000","237,000,000","186,000,000","240,000,000","212,000,000","183,000,000","162,000,000","193,000,000","153,000,000","178,000,000","166,000,000","163,000,000","202,000,000","156,000,000","102,000,000","144,000,000","130,000,000","196,000,000","116,300,000","107,600,000","102,700,000","160,400,000","96,023,000","96,100,000","302,800,000","90,200,000","133,763,000","88,300,000","85,700,000","87,000,000","83,357,000","88,000,000","92,900,000","84,900,000","77,390,000","76,200,000","69,300,000","70,000,000","67,000,000","64,500,000","58,700,000","53,700,000","48,900,000","47,900,000","44,300,000","42,400,000","41,700,000","38,600,000","34,700,000","33,700,000","33,500,000","29,800,000","27,800,000","26,100,000","25,800,000","24,100,000","2,300,000","28,700,000","26,500,000","28,300,000","26,900,000","27,100,000","25,500,000","25,100,000","22,700,000","20,000,000","21,700,000","20,400,000","19,200,000","16,800,000","16,400,000","14,000,000"
			NetIncomeExtraordinary,,,,,,,,,,,,,,,,,,,,,,,,,,,,,,,,,,,,,,,,,,,,,,,,,,,,,,,,,,,,,,,,,,,,,,,,,,,,,,,,,,,,,,,,,,,,,,,,,,,,,,,,,,,,,,,,,,,,,,,,"-400,000",,,"11,400,000",,,,,,,,,,,,,,,,,,,,,,,,,,,,,,
DilutedNIAvailtoComStockholders,"4,582,000,000","1,634,000,000","1,188,000,000","196,000,000","1,596,000,000","1,388,000,000","1,032,000,000","1,039,000,000","888,000,000","1,105,000,000","1,293,000,000","952,000,000","2,456,000,000","805,000,000","566,000,000","782,000,000","777,000,000","817,000,000","928,000,000","525,000,000","845,000,000","832,000,000","717,000,000","2,351,000,000","716,000,000","713,000,000","592,000,000","751,000,000","629,000,000","548,000,000","731,000,000","730,000,000","567,000,000","573,000,000","663,000,000","703,000,000","706,000,000","810,000,000","732,000,000","675,000,000","702,000,000","889,000,000","892,000,000","581,000,000","1,017,000,000","483,000,000","785,000,000","546,000,000","744,000,000","280,000,000","395,000,000","437,000,000","690,000,000","581,000,000","636,000,000","252,000,000","363,000,000","314,000,000","569,000,000","197,000,000","100,000,000","483,000,000","474,000,000","383,000,000","420,000,000","415,000,000","416,000,000","333,000,000","367,000,000","408,000,000","375,000,000","364,000,000","455,000,000","336,000,000","328,000,000","418,000,000","301,000,000","265,000,000","315,000,000","72,000,000","237,000,000","248,000,000","237,000,000","186,000,000","240,000,000","212,000,000","183,000,000","162,000,000","193,000,000","153,000,000","178,000,000","166,000,000","163,000,000","202,000,000","156,000,000","102,000,000","144,000,000","130,000,000","196,000,000","116,300,000","107,600,000","102,700,000","160,400,000","96,023,000","96,100,000","302,800,000","90,200,000","133,763,000","88,300,000","85,700,000","87,000,000","83,357,000","88,000,000","92,900,000","84,900,000","77,390,000","76,200,000","69,300,000","70,000,000","66,600,000","64,500,000","58,700,000","65,100,000","48,900,000","47,900,000","44,300,000","42,400,000","41,700,000","38,600,000","34,700,000","33,700,000","33,500,000","29,800,000","27,800,000","26,100,000","25,800,000","24,100,000","2,300,000","28,700,000","26,500,000","28,300,000","26,900,000","27,100,000","25,500,000","25,100,000","22,700,000","20,000,000","21,700,000","20,400,000","19,200,000","16,800,000","16,400,000","14,000,000"
BasicEPS,,"2.72","1.94","0.32","2.54","2.18","1.61","1.58","1.33","1.63","1.88","1.36","3.45","1.12","0.78","1.07","1.05","1.1","1.23","0.69","1.1","1.08","0.92","2.995","0.91","0.9","0.74","0.92","0.77","0.665","0.875","0.855","0.66","0.665","0.76","0.785","0.78","0.895","0.805","0.73","0.755","0.955","0.955","0.62","1.085","0.52","0.84","0.58","0.79","0.295","0.415","0.445","0.735","0.62","0.68","0.27","0.39","0.335","0.61","0.215","0.105","0.51","0.495","0.395","0.43","0.425","0.425","0.335","0.37","0.41","0.375","0.365","0.455","0.335","0.325","0.405","0.29","0.255","0.3","0.045","0.23","0.24","0.23","0.185","0.23","0.205","0.175","0.155","0.185","0.145","0.17","0.16","0.155","0.19","0.145","0.09","0.135","0.125","0.185","0.108","0.1","0.095","0.15","0.09","0.09","0.28","0.085","0.12","0.08","0.08","0.08","0.08","0.075","0.08","0.07","0.062","0.065","0.06","0.06","0.06","0.055","0.05","0.055","0.04","0.04","0.04","0.035","0.035","0.035","0.03","0.03","0.03","0.025","0.025","0.025","0.025","0.02","0.005","0.025","0.02","0.025","0.025","0.025","0.02","0.025","0.02","0.02","0.015","0.02","0.02","0.015","0.01","0.015"
DilutedEPS,,"2.71","1.94","0.31","2.53","2.17","1.6","1.57","1.32","1.62","1.87","1.36","3.44","1.12","0.78","1.06","1.04","1.09","1.23","0.69","1.09","1.07","0.91","2.975","0.9","0.89","0.73","0.915","0.765","0.66","0.87","0.855","0.66","0.66","0.755","0.785","0.78","0.89","0.8","0.725","0.75","0.95","0.95","0.62","1.08","0.515","0.84","0.57","0.785","0.29","0.415","0.445","0.73","0.615","0.675","0.265","0.385","0.335","0.61","0.215","0.105","0.5","0.49","0.39","0.425","0.42","0.42","0.33","0.365","0.405","0.37","0.36","0.45","0.33","0.32","0.4","0.285","0.25","0.295","0.045","0.225","0.24","0.225","0.175","0.225","0.2","0.17","0.155","0.18","0.14","0.165","0.15","0.15","0.185","0.145","0.09","0.13","0.12","0.18","0.105","0.1","0.095","0.145","0.085","0.085","0.27","0.08","0.115","0.08","0.075","0.075","0.075","0.075","0.08","0.07","0.062","0.065","0.06","0.06","0.055","0.055","0.05","0.055","0.04","0.04","0.04","0.035","0.03","0.035","0.03","0.03","0.025","0.025","0.025","0.025","0.025","0.02","0.005","0.025","0.02","0.025","0.025","0.025","0.02","0.025","0.02","0.02","0.015","0.02","0.02","0.015","0.01","0.015"
BasicAverageShares,,"600,742,000","611,205,000","619,678,000","629,350,000","640,707,000","649,753,000","658,941,000","668,762,000","678,050,000","688,938,000","700,922,000","711,698,000","717,889,000","724,366,000","733,261,000","739,946,000","745,153,000","751,423,000","759,931,000","767,049,000","772,949,000","778,550,000","784,233,000","788,958,000","792,865,000","802,259,000","813,630,000","817,038,000","823,706,000","837,496,000","849,992,000","857,470,000","863,344,000","874,612,000","892,634,000","902,492,000","905,118,000","909,462,000","924,066,000","928,648,000","930,426,000","932,924,000","934,732,000","934,844,000","933,576,000","931,774,000","931,094,000","931,820,000","932,996,000","936,024,000","939,024,000","939,736,000","937,648,000","935,852,000","934,244,000","933,172,000","932,802,000","932,194,000","930,784,000","950,714,000","948,766,000","956,276,000","971,994,000","974,130,000","975,800,000","981,108,000","985,156,000","989,846,000","993,902,000","996,074,000","998,182,000","1,001,114,000","1,002,852,000","1,005,412,000","1,008,948,000","1,013,198,000","1,016,706,000","1,019,848,000","1,022,432,000","1,026,770,000","1,027,456,000","1,029,130,000","1,031,314,000","1,033,968,000","1,036,154,000","1,038,946,000","1,044,406,000","1,048,532,000","1,051,572,000","1,056,360,000","1,059,828,000","1,060,360,000","1,062,286,000","1,062,398,000","1,064,032,000","1,062,160,000","1,063,272,000","1,064,460,000","1,080,880,000","1,080,000,000","1,084,210,526","1,066,666,667","935,317,333","1,130,088,000","1,131,912,000","1,061,176,471","962,052,620","1,147,864,000","1,159,032,000","1,170,928,000","1,039,048,667","1,180,642,000","1,213,074,000","1,222,008,000","1,224,240,000","1,233,128,000","1,232,912,000","1,258,326,000","1,279,128,000","1,172,727,273","1,174,000,000","1,183,636,364","1,222,484,848","1,197,500,000","1,107,500,000","1,211,428,571","1,191,733,333","1,102,857,143","1,156,666,667","1,123,333,333","1,100,857,143","1,192,000,000","1,112,000,000","1,044,000,000","950,476,190","1,205,000,000","1,148,000,000","1,148,000,000","1,308,571,429","1,132,000,000","1,076,000,000","1,084,000,000","1,275,000,000","1,004,000,000","1,135,000,000","1,000,000,000","1,422,307,692","1,020,000,000","960,000,000","1,120,000,000","1,577,777,778","933,333,333"
DilutedAverageShares,,"602,929,000","613,950,000","622,829,000","631,946,000","643,243,000","652,827,000","662,353,000","671,925,000","680,920,000","691,940,000","703,769,000","713,793,000","719,764,000","727,512,000","737,364,000","743,842,000","748,849,000","755,790,000","764,999,000","772,070,000","777,807,000","783,852,000","789,995,000","794,762,000","798,695,000","808,138,000","818,688,000","822,280,000","828,652,000","841,840,000","854,992,000","862,204,000","868,514,000","879,854,000","897,956,000","907,962,000","910,760,000","915,398,000","930,952,000","934,782,000","935,950,000","938,248,000","940,590,000","939,442,000","937,180,000","937,066,000","935,446,000","935,586,000","939,504,000","944,208,000","947,526,000","947,138,000","945,078,000","944,900,000","942,236,000","939,428,000","936,570,000","934,264,000","937,842,000","961,490,000","961,656,000","968,834,000","984,438,000","985,638,000","988,454,000","993,316,000","997,060,000","1,001,904,000","1,006,572,000","1,009,148,000","1,012,132,000","1,014,646,000","1,016,004,000","1,018,898,000","1,025,822,000","1,031,152,000","1,035,720,000","1,038,710,000","1,040,346,000","1,042,424,000","1,045,426,000","1,048,936,000","1,052,380,000","1,055,816,000","1,059,212,000","1,059,254,000","1,065,226,000","1,072,086,000","1,078,302,000","1,083,534,000","1,091,708,000","1,088,784,000","1,089,722,000","1,089,046,000","1,097,844,000","1,097,988,000","1,103,876,000","1,107,076,000","1,091,563,940","1,080,000,000","1,084,210,526","1,103,448,276","1,101,984,000","1,130,088,000","1,131,912,000","1,127,500,000","1,157,910,118","1,147,864,000","1,159,032,000","1,170,928,000","1,117,941,322","1,180,642,000","1,213,074,000","1,222,008,000","1,241,536,000","1,233,128,000","1,232,912,000","1,258,326,000","1,279,128,000","1,172,727,273","1,174,000,000","1,183,636,364","1,222,484,848","1,197,500,000","1,107,500,000","1,211,428,571","1,390,000,000","1,102,857,143","1,156,666,667","1,123,333,333","1,347,593,985","1,192,000,000","1,112,000,000","1,044,000,000","950,476,190","1,205,000,000","1,148,000,000","1,148,000,000","1,308,571,429","1,132,000,000","1,076,000,000","1,084,000,000","1,275,000,000","1,004,000,000","1,135,000,000","1,000,000,000","1,422,307,692","1,020,000,000","960,000,000","1,120,000,000","1,577,777,778","933,333,333"
NetIncomeFromContinuingAndDiscontinuedOperation,"4,582,000,000","1,634,000,000","1,188,000,000","196,000,000","1,596,000,000","1,388,000,000","1,032,000,000","1,039,000,000","888,000,000","1,105,000,000","1,293,000,000","952,000,000","2,456,000,000","805,000,000","566,000,000","782,000,000","777,000,000","817,000,000","928,000,000","525,000,000","845,000,000","832,000,000","717,000,000","2,351,000,000","716,000,000","713,000,000","592,000,000","751,000,000","629,000,000","548,000,000","731,000,000","730,000,000","567,000,000","573,000,000","663,000,000","703,000,000","706,000,000","810,000,000","732,000,000","675,000,000","702,000,000","889,000,000","892,000,000","581,000,000","1,017,000,000","483,000,000","785,000,000","546,000,000","744,000,000","280,000,000","395,000,000","437,000,000","690,000,000","581,000,000","636,000,000","252,000,000","363,000,000","314,000,000","569,000,000","197,000,000","100,000,000","483,000,000","474,000,000","383,000,000","420,000,000","415,000,000","416,000,000","333,000,000","367,000,000","408,000,000","375,000,000","364,000,000","455,000,000","336,000,000","328,000,000","418,000,000","301,000,000","265,000,000","315,000,000","72,000,000","237,000,000","248,000,000","237,000,000","186,000,000","240,000,000","212,000,000","183,000,000","162,000,000","193,000,000","153,000,000","178,000,000","166,000,000","163,000,000","202,000,000","156,000,000","102,000,000","144,000,000","130,000,000","196,000,000","116,300,000","107,600,000","102,700,000","160,400,000","96,023,000","96,100,000","302,800,000","90,200,000","133,763,000","88,300,000","85,700,000","87,000,000","83,357,000","88,000,000","92,900,000","84,900,000","77,390,000","76,200,000","69,300,000","70,000,000","67,000,000","64,500,000","58,700,000","53,700,000","48,900,000","47,900,000","44,300,000","42,400,000","41,700,000","38,600,000","34,700,000","33,700,000","33,500,000","29,800,000","27,800,000","26,100,000","25,800,000","24,100,000","2,300,000","28,700,000","26,500,000","28,300,000","26,900,000","27,100,000","25,500,000","25,100,000","22,700,000","20,000,000","21,700,000","20,400,000","19,200,000","16,800,000","16,400,000","14,000,000"
NormalizedIncome,"4,582,000,000","1,634,000,000","1,188,000,000","196,000,000","1,596,000,000","1,388,000,000","1,032,000,000","1,039,000,000","888,000,000","1,105,000,000","1,293,000,000","952,000,000","2,456,000,000","805,000,000","566,000,000","782,000,000","777,000,000","817,000,000","928,000,000","525,000,000","845,000,000","832,000,000","717,000,000","2,351,000,000","716,000,000","713,000,000","592,000,000","751,000,000","629,000,000","548,000,000","731,000,000","730,000,000","567,000,000","573,000,000","663,000,000","703,000,000","706,000,000","810,000,000","732,000,000","675,000,000","702,000,000","889,000,000","892,000,000","581,000,000","1,017,000,000","483,000,000","785,000,000","546,000,000","744,000,000","280,000,000","395,000,000","437,000,000","690,000,000","581,000,000","636,000,000","252,000,000","363,000,000","314,000,000","569,000,000","197,000,000","100,000,000","483,000,000","474,000,000","383,000,000","420,000,000","415,000,000","416,000,000","333,000,000","367,000,000","408,000,000","375,000,000","364,000,000","455,000,000","336,000,000","328,000,000","418,000,000","301,000,000","265,000,000","315,000,000","72,000,000","237,000,000","248,000,000","237,000,000","186,000,000","240,000,000","212,000,000","183,000,000","162,000,000","193,000,000","153,000,000","178,000,000","166,000,000","163,000,000","202,000,000","156,000,000","102,000,000","144,000,000","130,000,000","196,000,000","116,300,000","107,600,000","102,700,000","160,400,000","96,023,000","96,100,000","302,800,000","90,200,000","133,763,000","88,300,000","85,700,000","87,000,000","83,357,000","88,000,000","92,900,000","84,900,000","77,390,000","76,200,000","69,300,000","70,000,000","67,000,000","64,500,000","58,700,000","53,700,000","48,900,000","47,900,000","44,300,000","42,400,000","41,700,000","38,600,000","34,700,000","33,700,000","33,500,000","29,800,000","27,800,000","26,100,000","25,800,000","24,100,000","2,300,000","28,700,000","26,500,000","28,300,000","26,900,000","27,100,000","25,500,000","25,100,000","22,700,000","20,000,000","21,700,000","20,400,000","19,200,000","16,800,000","16,400,000","14,000,000"
EBIT,"4,982,000,000","1,876,000,000","1,390,000,000","593,000,000","1,162,000,000","1,756,000,000","1,332,000,000","1,289,000,000","1,170,000,000","1,435,000,000","1,665,000,000","1,278,000,000","1,216,000,000","1,133,000,000","775,000,000","1,114,000,000","1,093,000,000","1,166,000,000","1,300,000,000","780,000,000","1,199,000,000","1,185,000,000","1,038,000,000","1,058,000,000","1,134,000,000","1,106,000,000","960,000,000","1,225,000,000","1,028,000,000","900,000,000","1,182,000,000","1,175,000,000","931,000,000","948,000,000","1,096,000,000","1,154,000,000","1,151,000,000","1,319,000,000","1,184,000,000","1,110,000,000","1,140,000,000","1,427,000,000","1,432,000,000","954,000,000","1,547,000,000","803,000,000","1,259,000,000","887,000,000","1,157,000,000","499,000,000","645,000,000","711,000,000","1,094,000,000","922,000,000","1,007,000,000","368,000,000","574,000,000","487,000,000","879,000,000","308,000,000","155,000,000","747,000,000","733,000,000","593,000,000","648,000,000","641,000,000","644,000,000","513,000,000","561,000,000","629,000,000","580,000,000","565,000,000","651,000,000","522,000,000","512,000,000","455,000,000","465,000,000","426,000,000","484,000,000","112,000,000","377,000,000","382,000,000","375,000,000","301,000,000","362,000,000","327,000,000","289,000,000","268,000,000","299,000,000","254,000,000","279,000,000","262,000,000","257,000,000","264,000,000","248,000,000","783,000,000","5,000,000","5,000,000","4,000,000","554,500,000","2,800,000","3,400,000","3,300,000","868,029,000","3,100,000","4,100,000","3,300,000","653,487,000","3,600,000","4,000,000","5,000,000","604,506,000","4,100,000","4,400,000","3,600,000","510,332,000","3,800,000","3,400,000","2,700,000","900,000","100,000","100,000","900,000","800,000","800,000","1,400,000","2,900,000","3,000,000","3,400,000","4,100,000","3,500,000","3,400,000","3,500,000","4,100,000","4,200,000","4,300,000","4,700,000","5,800,000","4,400,000",,,,,,,,,,,,,,
ReconciledDepreciation,,,,,,,,,,,,,,,,,,,,,,,,,,,,,,,,,,,,,,,,,,,,,,,,,,,,,,,,,,,,,,,,,,,,,,,,,,,,,,,,,,,,,,,,,,,,,,,"38,000,000",,"7,000,000","6,000,000","7,000,000",,,,,,,,,,,,,,,,,,,,,,,,,,,,,,,,,,,,,,,,,,,,,,,,,,,,,,
NetIncomeFromContinuingOperationNetMinorityInterest,"4,582,000,000","1,634,000,000","1,188,000,000","196,000,000","1,596,000,000","1,388,000,000","1,032,000,000","1,039,000,000","888,000,000","1,105,000,000","1,293,000,000","952,000,000","2,456,000,000","805,000,000","566,000,000","782,000,000","777,000,000","817,000,000","928,000,000","525,000,000","845,000,000","832,000,000","717,000,000","2,351,000,000","716,000,000","713,000,000","592,000,000","751,000,000","629,000,000","548,000,000","731,000,000","730,000,000","567,000,000","573,000,000","663,000,000","703,000,000","706,000,000","810,000,000","732,000,000","675,000,000","702,000,000","889,000,000","892,000,000","581,000,000","1,017,000,000","483,000,000","785,000,000","546,000,000","744,000,000","280,000,000","395,000,000","437,000,000","690,000,000","581,000,000","636,000,000","252,000,000","363,000,000","314,000,000","569,000,000","197,000,000","100,000,000","483,000,000","474,000,000","383,000,000","420,000,000","415,000,000","416,000,000","333,000,000","367,000,000","408,000,000","375,000,000","364,000,000","455,000,000","336,000,000","328,000,000","418,000,000","301,000,000","265,000,000","315,000,000","72,000,000","237,000,000","248,000,000","237,000,000","186,000,000","240,000,000","212,000,000","183,000,000","162,000,000","193,000,000","153,000,000","178,000,000","166,000,000","163,000,000","202,000,000","156,000,000","102,000,000","144,000,000","130,000,000","196,000,000","116,300,000","107,600,000","102,700,000","160,400,000","96,023,000","96,100,000","302,800,000","90,200,000","133,763,000","88,300,000","85,700,000","87,000,000","83,357,000","88,000,000","92,900,000","84,900,000","77,390,000","76,200,000","69,300,000","70,000,000","67,000,000","64,500,000","58,700,000","53,700,000","48,900,000","47,900,000","44,300,000","42,400,000","41,700,000","38,600,000","34,700,000","33,700,000","33,500,000","29,800,000","27,800,000","26,100,000","25,800,000","24,100,000","2,300,000","28,700,000","26,500,000","28,300,000","26,900,000","27,100,000","25,500,000","25,100,000","22,700,000","20,000,000","21,700,000","20,400,000","19,200,000","16,800,000","16,400,000","14,000,000"
TaxRateForCalcs,"0.039","0.104","0.115","0.4","0.4","0.184","0.191","0.157","0.202","0.195","0.193","0.218","0.27","0.248","0.214","0.261","0.25","0.263","0.253","0.273","0.263","0.264","0.27","0.4","0.334","0.318","0.341","0.349","0.347","0.343","0.346","0.342","0.344","0.344","0.346","0.346","0.343","0.346","0.337","0.343","0.343","0.345","0.345","0.34","0.313","0.348","0.347","0.345","0.327","0.382","0.342","0.345","0.346","0.346","0.347","0.263","0.339","0.336","0.347","0.343","0.324","0.347","0.347","0.346","0.346","0.346","0.346","0.344","0.341","0.346","0.348","0.349","0.295","0.349","0.352","0.069","0.344","0.369","0.341","0.321","0.361","0.342","0.359","0.369","0.328","0.342","0.358","0.386","0.344","0.386","0.35","0.354","0.353","0.22","0.358","0.073","0","0","0","0.108","0","0","0","0.057","0","0","0","0.111","0","0","0","0.1","0","0","0","0.109","0","0","0","0","0","0","0","0","0","0","0","0","0","0","0","0","0","0","0","0","0","0","0","0.4","0.4","0.4","0.4","0.4","0.4","0.4","0.4","0.4","0.4","0.4","0.4","0.4","0.4"
TaxEffectOfUnusualItems,"0","0","0","0","0","0","0","0","0","0","0","0","0","0","0","0","0","0","0","0","0","0","0","0","0","0","0","0","0","0","0","0","0","0","0","0","0","0","0","0","0","0","0","0","0","0","0","0","0","0","0","0","0","0","0","0","0","0","0","0","0","0","0","0","0","0","0","0","0","0","0","0","0","0","0","0","0","0","0","0","0","0","0","0","0","0","0","0","0","0","0","0","0","0","0","0","0","0","0","0","0","0","0","0","0","0","0","0","0","0","0","0","0","0","0","0","0","0","0","0","0","0","0","0","0","0","0","0","0","0","0","0","0","0","0","0","0","0","0","0","0","0","0","0","0","0","0","0","0","0","0","0","0"
InterestExpense,"213,000,000","51,000,000","48,000,000","55,000,000","59,000,000","55,000,000","56,000,000","57,000,000","57,000,000","62,000,000","62,000,000","61,000,000","63,000,000","63,000,000","55,000,000","57,000,000","57,000,000","57,000,000","58,000,000","58,000,000","53,000,000","54,000,000","56,000,000","59,000,000","59,000,000","61,000,000","62,000,000","72,000,000","65,000,000","66,000,000","65,000,000","65,000,000","67,000,000","74,000,000","83,000,000","79,000,000","77,000,000","81,000,000","80,000,000","82,000,000","71,000,000","69,000,000","71,000,000","75,000,000","67,000,000","62,000,000","57,000,000","53,000,000","52,000,000","46,000,000","45,000,000","44,000,000","39,000,000","33,000,000","33,000,000","26,000,000","25,000,000","14,000,000","8,000,000","8,000,000","7,000,000","7,000,000","7,000,000","7,000,000","6,000,000","6,000,000","8,000,000","5,000,000","4,000,000","5,000,000","5,000,000","6,000,000","6,000,000","6,000,000","6,000,000","6,000,000","6,000,000","6,000,000","6,000,000","6,000,000","6,000,000","5,000,000","5,000,000","6,000,000","5,000,000","5,000,000","4,000,000","4,000,000","5,000,000","5,000,000","5,000,000","5,000,000","5,000,000","5,000,000","5,000,000","5,000,000","5,000,000","5,000,000","4,000,000","3,500,000","2,800,000","3,400,000","3,300,000","3,209,000","3,100,000","4,100,000","3,300,000","3,486,000","3,600,000","4,000,000","5,000,000","3,511,000","4,100,000","4,400,000","3,600,000","5,996,000","3,800,000","3,400,000","2,700,000","900,000","100,000","100,000","900,000","800,000","800,000","1,400,000","2,900,000","3,000,000","3,400,000","4,100,000","3,500,000","3,400,000","3,500,000","4,100,000","4,200,000","4,300,000","4,700,000","5,800,000","4,400,000",,,,,,,,,,,,,,