name,ttm,06/30/2023,03/31/2023,12/31/2022,09/30/2022,06/30/2022,03/31/2022,12/31/2021,09/30/2021,06/30/2021,03/31/2021,12/31/2020,09/30/2020,06/30/2020,03/31/2020,12/31/2019,09/30/2019,06/30/2019,03/31/2019,12/31/2018,09/30/2018,06/30/2018,03/31/2018,12/31/2017,09/30/2017,06/30/2017,03/31/2017,12/31/2016,09/30/2016,06/30/2016,03/31/2016,12/31/2015,09/30/2015,06/30/2015,03/31/2015,12/31/2014,09/30/2014,06/30/2014,03/31/2014,12/31/2013,09/30/2013,06/30/2013,03/31/2013,12/31/2012,09/30/2012,06/30/2012,03/31/2012,12/31/2011,09/30/2011,06/30/2011,03/31/2011,12/31/2010,09/30/2010,06/30/2010,03/31/2010,12/31/2009,09/30/2009,06/30/2009,03/31/2009,12/31/2008,09/30/2008,06/30/2008,03/31/2008,12/31/2007,09/30/2007,06/30/2007,03/31/2007,12/31/2006,09/30/2006,06/30/2006,03/31/2006,12/31/2005,09/30/2005,06/30/2005,03/31/2005,12/31/2004,09/30/2004,06/30/2004,03/31/2004,12/31/2003,09/30/2003,06/30/2003,03/31/2003,12/31/2002,09/30/2002,06/30/2002,03/31/2002,12/31/2001,09/30/2001
TotalRevenue,"30,855,012,000","7,719,863,000","7,411,114,000","8,194,489,000","7,529,546,000","7,771,278,000","7,332,933,000","8,550,217,000","6,798,327,000","6,458,613,000","5,938,879,000","6,910,501,000","5,645,142,000","5,381,384,000","5,889,168,000","7,119,407,000","5,925,101,000","5,714,073,000","5,135,510,000","6,293,748,000","5,260,954,000","5,111,434,000","4,673,952,000","4,336,212,000","3,549,977,000","3,342,215,000","2,981,204,000","3,823,831,000","3,193,487,000","3,207,537,000","2,846,734,000","3,700,242,000","2,712,559,000","2,390,506,000","2,052,503,000","2,787,194,000","2,275,076,000","2,126,806,000","1,860,842,000","2,233,851,000","1,733,866,000","1,742,014,000","1,475,063,000","2,005,846,000","1,557,147,000","1,601,117,000","1,349,989,000","1,763,625,000","1,534,463,000","1,422,218,000","1,185,105,000","1,651,296,000","1,266,218,000","1,171,919,000","1,025,883,000","1,296,499,000","1,023,205,000","955,667,000","890,449,000","1,283,284,000","1,299,735,000","1,314,873,000","1,230,925,000","1,837,116,000","1,492,809,000","1,490,363,000","1,213,961,000","1,611,832,000","903,876,000","836,228,000","680,091,000","956,014,000","744,198,000","672,163,000","538,266,000","798,189,000","574,999,000","550,916,000","440,992,000","621,257,000","423,376,000","321,717,000","263,724,000","376,466,000","284,928,000","284,893,000","223,990,000","337,262,000","225,566,000"
	OperatingRevenue,"30,855,012,000","7,719,863,000","7,411,114,000","8,194,489,000","7,529,546,000","7,771,278,000","7,332,933,000","8,550,217,000","6,798,327,000","6,458,613,000","5,938,879,000","6,910,501,000","5,645,142,000","5,381,384,000","5,889,168,000","7,119,407,000","5,925,101,000","5,714,073,000","5,135,510,000","6,293,748,000","5,260,954,000","5,111,434,000","4,673,952,000","4,336,212,000","3,549,977,000","3,342,215,000","2,981,204,000","3,823,831,000","3,193,487,000","3,207,537,000","2,846,734,000","3,700,242,000","2,712,559,000","2,390,506,000","2,052,503,000","2,787,194,000","2,275,076,000","2,126,806,000","1,860,842,000","2,233,851,000","1,733,866,000","1,742,014,000","1,475,063,000","2,005,846,000","1,557,147,000","1,601,117,000","1,349,989,000","1,763,625,000","1,534,463,000","1,422,218,000","1,185,105,000","1,651,296,000","1,266,218,000","1,171,919,000","1,025,883,000","1,296,499,000","1,023,205,000","955,667,000","890,449,000","1,283,284,000","1,299,735,000","1,314,873,000","1,230,925,000","1,837,116,000","1,492,809,000","1,490,363,000","1,213,961,000","1,611,832,000","903,876,000","836,228,000","680,091,000","956,014,000","744,198,000","672,163,000","538,266,000","798,189,000","574,999,000","550,916,000","440,992,000","621,257,000","423,376,000","321,717,000","263,724,000","376,466,000","284,928,000","284,893,000","11,675,000","44,105,000","8,039,000"
CostOfRevenue,"24,619,220,000","6,179,496,000","6,006,413,000","6,498,820,000","5,934,490,000","6,053,984,000","5,752,194,000","6,584,255,000","5,258,947,000","5,016,759,000","4,719,546,000","5,370,830,000","4,564,579,000","4,399,537,000","4,712,674,000","5,533,853,000","4,687,336,000","4,445,790,000","4,022,034,000","4,771,599,000","4,098,904,000","3,958,748,000","3,619,961,000","2,974,208,000","2,513,377,000","2,318,562,000","2,087,079,000","2,603,098,000","2,252,783,000","2,254,233,000","2,013,613,000","2,530,521,000","1,773,660,000","1,487,974,000","1,290,777,000","1,706,343,000","1,428,986,000","1,314,473,000","1,161,460,000","1,276,998,000","1,032,348,000","1,018,827,000","861,216,000","1,131,570,000","915,245,000","908,143,000","787,556,000","1,008,946,000","894,607,000","839,822,000","713,755,000","930,869,000","735,393,000","678,714,000","615,194,000","721,165,000","606,470,000","566,831,000","553,419,000","729,708,000","755,362,000","737,205,000","704,446,000","967,588,000","791,852,000","791,605,000","649,673,000","900,577,000","456,994,000","412,496,000","340,445,000","482,407,000","380,943,000","338,691,000","268,046,000","406,221,000","300,711,000","272,611,000","224,222,000","311,545,000","208,198,000","153,066,000","123,599,000",,,,,,
GrossProfit,"6,235,792,000","1,540,367,000","1,404,701,000","1,695,669,000","1,595,056,000","1,717,294,000","1,580,739,000","1,965,962,000","1,539,380,000","1,441,854,000","1,219,333,000","1,539,671,000","1,080,563,000","981,847,000","1,176,494,000","1,585,554,000","1,237,765,000","1,268,283,000","1,113,476,000","1,522,149,000","1,162,050,000","1,152,686,000","1,053,991,000","1,362,004,000","1,036,600,000","1,023,653,000","894,125,000","1,220,733,000","940,704,000","953,304,000","833,121,000","1,169,721,000","938,899,000","902,532,000","761,726,000","1,080,851,000","846,090,000","812,333,000","699,382,000","956,853,000","701,518,000","723,187,000","613,847,000","874,276,000","641,902,000","692,974,000","562,433,000","754,679,000","639,856,000","582,396,000","471,350,000","720,427,000","530,825,000","493,205,000","410,689,000","575,334,000","416,735,000","388,836,000","337,030,000","553,576,000","544,373,000","577,668,000","526,479,000","869,528,000","700,957,000","698,758,000","564,288,000","711,255,000","446,882,000","423,732,000","339,646,000","473,607,000","363,255,000","333,472,000","270,220,000","391,968,000","274,288,000","278,305,000","216,770,000","309,712,000","215,178,000","168,651,000","140,125,000",,,,,,
OperatingExpense,"5,309,936,000","1,243,199,000","1,370,395,000","1,473,890,000","1,222,452,000","1,351,178,000","1,215,028,000","1,425,104,000","1,148,245,000","1,076,301,000","950,405,000","1,094,931,000","921,952,000","887,190,000","903,860,000","1,071,514,000","921,144,000","983,876,000","898,699,000","1,065,111,000","972,569,000","939,681,000","840,400,000","944,251,000","807,489,000","812,760,000","700,268,000","874,394,000","779,448,000","779,242,000","722,832,000","963,369,000","701,952,000","680,763,000","601,621,000","812,781,000","668,185,000","629,497,000","593,598,000","691,680,000","544,139,000","543,059,000","515,822,000","642,203,000","522,464,000","520,274,000","487,179,000","639,495,000","496,851,000","458,241,000","400,203,000","550,993,000","400,420,000","399,649,000","365,001,000","443,116,000","362,507,000","352,837,000","331,551,000","1,608,601,000","435,998,000","489,819,000","456,147,000","660,447,000","480,611,000","497,265,000","439,305,000","487,418,000","308,014,000","295,853,000","280,091,000","314,638,000","267,371,000","252,548,000","233,591,000","281,732,000","225,566,000","241,369,000","216,082,000","268,371,000","219,051,000","139,949,000","129,283,000","324,262,000","263,766,000","255,630,000","221,076,000","290,313,000","209,783,000"
	SellingGeneralAndAdministration,,"1,088,812,000","1,208,904,000","1,314,329,000","1,080,316,000","1,188,819,000","1,065,996,000","1,262,960,000","1,025,681,000","957,216,000","828,327,000","951,106,000","794,227,000","770,806,000","790,066,000","956,152,000","809,584,000","877,397,000","792,876,000","948,171,000","859,085,000","826,282,000","732,235,000","835,151,000","704,898,000","712,374,000","606,231,000","777,454,000","686,723,000","688,974,000","635,838,000","864,771,000","626,905,000","610,158,000","531,775,000","743,337,000","601,026,000","566,202,000","528,395,000","638,696,000","496,615,000","499,458,000","469,541,000","597,453,000","482,362,000","482,377,000","440,722,000","603,647,000","469,138,000","432,856,000","377,025,000","522,128,000","374,815,000","372,033,000","338,706,000","410,687,000","338,062,000","328,671,000","306,159,000","425,546,000","420,352,000","468,839,000","432,345,000","638,592,000","468,375,000","469,754,000","411,937,000","461,900,000","293,122,000","283,598,000","265,161,000","301,975,000","255,706,000","241,730,000","223,221,000","266,876,000","213,226,000","230,539,000","199,251,000",,,,,,,,,,
	DepreciationAmortizationDepletionIncomeStatement,"617,575,000","154,387,000","161,491,000","159,561,000","142,136,000","162,359,000","149,032,000","162,144,000","122,564,000","119,085,000","122,078,000","143,825,000","127,725,000","116,384,000","113,794,000","115,362,000","111,560,000","106,479,000","105,823,000","116,940,000","113,484,000","113,399,000","108,165,000","109,100,000","102,591,000","100,386,000","94,037,000","96,940,000","92,725,000","90,268,000","86,994,000","98,598,000","75,047,000","70,605,000","69,846,000","69,444,000","67,159,000","63,295,000","65,203,000","52,984,000","47,524,000","43,601,000","46,281,000","44,750,000","40,102,000","38,336,000","46,457,000","35,848,000","31,308,000","25,385,000","23,178,000","28,865,000","25,605,000","27,616,000","26,295,000","25,470,000","24,445,000","24,166,000","25,392,000","28,581,000","25,412,000","25,022,000","23,802,000","30,079,000","28,311,000","27,511,000","27,368,000","25,518,000","14,892,000","12,255,000","14,930,000","12,663,000","11,665,000","10,818,000","10,370,000","14,856,000","12,340,000","10,830,000","16,831,000","39,051,000","41,071,000","6,329,000","6,171,000","6,507,000","6,404,000","4,111,000","7,592,000","6,410,000","5,788,000"
		DepreciationAndAmortizationInIncomeStatement,"617,575,000","154,387,000","161,491,000","159,561,000","142,136,000","162,359,000","149,032,000","162,144,000","122,564,000","119,085,000","122,078,000","143,825,000","127,725,000","116,384,000","113,794,000","115,362,000","111,560,000","106,479,000","105,823,000","116,940,000","113,484,000","113,399,000","108,165,000","109,100,000","102,591,000","100,386,000","94,037,000","96,940,000","92,725,000","90,268,000","86,994,000","98,598,000","75,047,000","70,605,000","69,846,000","69,444,000","67,159,000","63,295,000","65,203,000","52,984,000","47,524,000","43,601,000","46,281,000","44,750,000","40,102,000","38,336,000","46,457,000","35,848,000","31,308,000","25,385,000","23,178,000","28,865,000","25,605,000","27,616,000","26,295,000","25,470,000","24,445,000","24,166,000","25,392,000","28,581,000","25,412,000","25,022,000","23,802,000","30,079,000","28,311,000","27,511,000","27,368,000","25,518,000","14,892,000","12,255,000","14,930,000","12,663,000","11,665,000","10,818,000","10,370,000","14,856,000","12,340,000","10,830,000","16,831,000","39,051,000","41,071,000","6,329,000","6,171,000","6,507,000","6,404,000","4,111,000","7,592,000","6,410,000","5,788,000"
	OtherOperatingExpenses,,"1,088,812,000",,"1,314,329,000",,,,,,,,,,,,,,,,,,,,,,,,,,,,,,,,,,,,,,,,,,"-439,000",,,"-3,595,000",,,,,,,,,,,"1,154,474,000","-9,766,000","-4,042,000",,"-8,224,000","-16,075,000",,,,,,,,,,,,,,,"-449,077,000","177,980,000","133,620,000","123,112,000","-176,194,000","257,362,000","251,519,000","213,484,000","71,863,000","203,995,000"
OperatingIncome,"925,856,000","297,168,000","34,306,000","221,779,000","372,604,000","366,116,000","365,711,000","540,858,000","391,135,000","365,553,000","268,928,000","444,740,000","158,611,000","94,657,000","272,634,000","514,040,000","316,621,000","284,407,000","214,777,000","457,038,000","189,481,000","213,005,000","213,591,000","417,753,000","229,111,000","210,893,000","193,857,000","346,339,000","161,256,000","174,062,000","110,289,000","206,352,000","236,947,000","221,769,000","160,105,000","268,070,000","177,905,000","182,836,000","105,784,000","265,173,000","157,379,000","180,128,000","98,025,000","232,073,000","119,438,000","172,700,000","75,254,000","115,184,000","143,005,000","124,155,000","71,147,000","169,434,000","130,405,000","93,556,000","45,688,000","132,218,000","54,228,000","35,999,000","5,479,000","-1,055,025,000","108,375,000","87,849,000","70,332,000","209,081,000","220,346,000","201,493,000","124,983,000","223,837,000","138,868,000","127,879,000","59,555,000","158,969,000","95,884,000","80,924,000","36,629,000","110,236,000","48,722,000","36,936,000","688,000","41,341,000","-3,873,000","28,702,000","10,842,000","52,204,000","21,162,000","29,263,000","2,914,000","46,949,000","15,783,000"
NetNonOperatingInterestIncomeExpense,"-109,051,000","-42,982,000","-28,414,000","-17,698,000","-19,957,000","-18,518,000","-12,826,000","-15,436,000","-11,038,000","-13,772,000","-10,106,000","-15,958,000","-17,829,000","-17,950,000","-16,016,000","-18,116,000","-21,846,000","-24,600,000","-21,192,000","-22,632,000","-25,420,000","-25,396,000","-25,237,000","-30,005,000","-31,354,000","-34,003,000","-31,599,000","-33,295,000","-36,253,000","-33,921,000","-33,331,000","-34,359,000","-29,541,000","-24,752,000","-23,917,000","-25,797,000","-26,243,000","-27,324,000","-26,438,000","-26,085,000","-26,299,000","-36,042,000","-40,367,000","-41,165,000","-41,756,000","-42,826,000","-41,678,000","-40,855,000","-36,587,000","-32,314,000","-31,050,000","-39,287,000","-48,292,000","-47,164,000","-47,992,000","-51,516,000","-52,827,000","-46,181,000","-32,493,000",,,,,,,,,,,,,,,,,,,,,,,,,,,,,,
	InterestIncomeNonOperating,,,,,,,,,,,,,,,,,,,"1,534,000","2,244,000","1,231,000","1,489,000","3,621,000","2,886,000","3,129,000","1,427,000","2,411,000","2,506,000","1,020,000","3,066,000","1,459,000","1,454,000","1,158,000","1,402,000","2,297,000","1,912,000","1,598,000","1,146,000","1,577,000","1,287,000","1,484,000","1,490,000","2,028,000","1,860,000","1,895,000","1,585,000","2,303,000","2,380,000","2,493,000","1,902,000","2,668,000","2,042,000","1,463,000","3,111,000","1,800,000","1,339,000","1,248,000","1,237,000","2,305,000",,,,,,,,,,,,,,,,,,,,,,,,,,,,,,
	InterestExpenseNonOperating,,"42,982,000","28,414,000","17,698,000","19,957,000","18,518,000","12,826,000","15,436,000","11,038,000","13,772,000","10,106,000","15,958,000","17,829,000","17,950,000","16,016,000","18,116,000","21,846,000","24,600,000","22,726,000","24,876,000","26,651,000","26,885,000","28,858,000","32,891,000","34,483,000","35,430,000","34,010,000","35,801,000","37,273,000","36,987,000","34,790,000","35,813,000","30,699,000","26,154,000","26,214,000","27,709,000","27,841,000","28,470,000","28,015,000","27,372,000","27,783,000","37,532,000","42,395,000","43,025,000","43,651,000","44,411,000","43,981,000","43,235,000","39,080,000","34,216,000","33,718,000","41,329,000","49,755,000","50,275,000","49,792,000","52,855,000","54,075,000","47,418,000","34,798,000",,,,,,,,,,,,,,,,,,,,,,,,,,,,,,
	TotalOtherFinanceCost,"109,051,000","42,982,000",,,,,,,,,,,,,,"18,116,000","21,846,000","24,600,000",,,,,,,,,,,,,,,,,,,,,,,,,,,,,,,,,,,,,,,,,,,,,,,,,,,,,,,,,,,,,,,,,,,,,,,
OtherIncomeExpense,"252,839,000","7,371,000","147,216,000","-143,449,000","241,700,000","263,080,000","39,648,000","391,679,000","190,032,000","225,106,000","86,482,000","-18,342,000","93,120,000","24,208,000","-31,906,000","43,237,000","26,746,000","26,152,000","21,119,000","61,709,000","222,591,000","112,341,000","7,935,000","53,272,000","75,782,000","89,868,000","20,518,000","83,166,000","37,264,000","47,343,000","57,807,000","125,212,000","15,451,000","12,610,000","13,853,000","55,838,000","27,335,000","38,798,000","26,498,000","-57,009,000","19,212,000","-27,142,000","2,012,000","47,967,000","-16,800,000","505,000","20,974,000","64,084,000","905,000","17,068,000","15,179,000","579,000","3,682,000","14,235,000","-6,584,000","-17,654,000","6,312,000","1,743,000","-39,452,000","-1,211,761,000","6,358,000","-12,317,000","-10,762,000","19,871,000","17,003,000","23,038,000","-65,140,000","4,342,000","9,135,000","-13,827,000","8,413,000","16,777,000","3,004,000","12,947,000","-1,689,000","9,355,000","-16,280,000","-8,806,000","-5,127,000","-17,022,000","-16,485,000","-3,310,000",,,,,,,
	GainOnSaleOfSecurity,"57,921,000","9,261,000","3,059,000","43,854,000","1,746,000","177,226,000","21,592,000","51,378,000","18,530,000","929,000","156,000","12,661,000","52,797,000","-492,000","22,827,000","551,000","9,000","10,000","19,247,000","2,309,000","236,000","12,311,000","18,000","965,000","6,180,000","11,298,000","1,385,000","6,482,000","11,236,000","8,532,000","-2,709,000","631,000","3,154,000","6,986,000",,"20,557,000","7,235,000","23,170,000","6,697,000","2,167,000","740,000","7,496,000","3,149,000","650,000","3,983,000","439,000","809,000","1,372,000","3,595,000","6,027,000","1,972,000","3,499,000","174,000","3,623,000",,,"2,766,000","2,925,000",,,,,,,,,,,,,,,,,,,,,,,,,,,,,,,
	EarningsFromEquityInterest,"201,140,000","-7,502,000","141,682,000","-167,013,000","233,972,000","119,168,000","42,871,000","159,162,000","163,809,000","212,132,000","83,594,000","53,674,000","32,376,000","19,480,000","20,631,000","40,692,000","25,796,000","21,773,000","72,664,000","61,624,000","126,840,000","96,021,000","40,179,000","51,971,000","67,834,000","75,384,000","15,018,000","80,449,000","24,672,000","34,929,000","57,301,000","123,463,000","17,242,000","6,693,000","15,451,000","34,150,000","43,300,000","9,264,000","15,000,000","34,782,000","13,347,000","6,544,000","9,749,000","40,859,000","2,875,000","2,609,000","14,386,000","65,815,000","6,714,000","17,068,000","15,179,000","15,228,000","3,682,000","14,235,000","-6,584,000","-15,843,000","6,312,000","1,743,000","-10,197,000","-54,208,000","-3,408,000","-11,752,000","-10,762,000","28,755,000","6,020,000","25,915,000","4,249,000","7,324,000","9,135,000","8,428,000","8,413,000","16,777,000","3,628,000","14,779,000","3,241,000","9,355,000","4,826,000","2,768,000","2,526,000",,,,,,,,,,
	SpecialIncomeCharges,"-23,817,000","0","0","-21,957,000","-1,862,000","-26,405,000","-10,351,000","0","0","0","0","-89,097,000","0","0","-75,171,000","-750,000","0","0","-91,645,000","0","0",,"-27,982,000",,"7,948,000",,,"0","0","0","0","0","0","0","-2,685,000","0","-23,087,000","0","0","-98,129,000","0","-42,715,000","-13,580,000","0","-19,675,000","-2,104,000","20,974,000","-3,103,000","-5,809,000",,,"-18,148,000","0","0","0","3,880,000","0","0","-29,255,000","-1,157,553,000","9,766,000","-565,000",,"-8,884,000","10,983,000","-2,877,000","-69,389,000","-2,982,000",,"-22,255,000",,"0","-624,000","-1,832,000","-4,930,000","0","-21,106,000","-11,574,000","-7,653,000","-17,022,000","-16,485,000","-3,310,000",,,,,,,
		RestructuringAndMergernAcquisition,,,,,,,,,,,,,,,,,,,,,,,,,,,,,,,,,,,,,,,,,,,,,,,,,,,,,,,,,,,,,,,,"17,108,000","5,092,000","2,877,000","31,855,000",,,,,,,,,"0","4,040,000","11,574,000","9,960,000","17,022,000","16,485,000","3,310,000",,,,,,,
		ImpairmentOfCapitalAssets,,"0","0","21,957,000","0","26,405,000","10,351,000","0","0","0","0","13,505,000","0","0","75,171,000","750,000","0","0","89,037,000",,,,,,,,,,,,,,,,,"0",,,,"98,129,000","0",,,"0","19,826,000",,,,,,,,,,,,,,,,,,,,,,,,,,,,,,,,,,,,,,,,,,,,
		WriteOff,,,,,,,,,,,,,,,,,,,,,,,,,,,,,,,,,,,,,,,,"0",,,,,,,,,,,,"18,148,000","0","0","0","0","0","0","29,255,000",,,,,,,,,,,,,,,,,,,,,,,,,,,,,,
		OtherSpecialCharges,,,,"-2,000","1,862,000",,,,,,,"75,592,000",,,,"0",,,"2,608,000","0",,,"27,982,000",,"-1,768,000",,,,,,,"0",,,"2,685,000","0","23,087,000",,,"0",,"42,715,000","13,580,000",,"-151,000",,,,,,,,,,,,,,,,,,,"-8,224,000","-16,075,000",,"37,534,000",,,,,,,,,"0","17,066,000",,"-2,307,000",,,,,,,,,,
		GainOnSaleOfPPE,,,,,,,,,,,,,,,,,,,,,,,,,"6,180,000",,,,,,,,,,,,,,,,,,,,,,,,,,,,,,,,,,,,,,,,,,,,,,,,,,,,,,,,,,,,,,,,
	OtherNonOperatingIncomeExpenses,"17,595,000","5,612,000","2,475,000","1,667,000","7,844,000","-6,909,000","-14,464,000","181,139,000","7,693,000","12,045,000","2,732,000","4,420,000","7,947,000","5,220,000","-193,000","2,744,000","941,000","4,369,000","20,853,000","-2,224,000","95,515,000","4,009,000","-4,280,000","336,000","1,768,000","3,186,000","4,115,000","-3,765,000","1,356,000","3,882,000","3,215,000","1,118,000","-4,945,000","-1,069,000","1,087,000","1,131,000","-113,000","6,364,000","4,801,000","4,171,000","5,125,000","1,533,000","2,694,000","6,458,000","151,000","-2,104,000","6,588,000","8,515,000","-5,809,000",,,,,,,,,,,,,,,,,,,,,,,,,,,,,,,,,,,,,,,,
PretaxIncome,"1,069,644,000","261,557,000","153,108,000","60,632,000","594,347,000","610,678,000","392,533,000","917,101,000","570,129,000","576,887,000","345,304,000","410,440,000","233,902,000","100,915,000","224,712,000","539,161,000","321,521,000","285,959,000","214,704,000","496,115,000","386,652,000","299,950,000","196,289,000","441,020,000","273,539,000","266,758,000","182,776,000","396,210,000","162,267,000","187,484,000","134,765,000","297,205,000","222,857,000","209,627,000","150,041,000","298,111,000","178,997,000","194,310,000","105,844,000","182,079,000","150,292,000","116,944,000","59,670,000","238,875,000","64,865,000","130,379,000","55,359,000","150,031,000","107,323,000","114,936,000","57,248,000","130,726,000","85,969,000","64,250,000","-8,888,000","76,966,000","-2,145,000","-9,000,000","-66,466,000","-1,103,139,000","67,849,000","36,893,000","26,916,000","190,943,000","179,102,000","188,495,000","21,974,000","215,293,000","142,114,000","102,096,000","57,394,000","163,419,000","85,461,000","83,555,000","23,787,000","108,272,000","18,195,000","6,905,000","-25,118,000","-901,000","-46,825,000","9,153,000","-2,407,000","38,607,000","7,017,000","14,893,000","-12,239,000","33,088,000","3,549,000"
TaxProvision,"200,645,000","55,404,000","28,036,000","-25,461,000","142,667,000","120,762,000","-3,738,000","224,227,000","133,507,000","133,445,000","76,327,000","95,054,000","49,062,000","18,803,000","51,182,000","-99,972,000","63,468,000","62,521,000","43,878,000","101,612,000","94,963,000","70,319,000","46,164,000","270,334,000","76,178,000","68,362,000","51,273,000","131,084,000","51,414,000","64,039,000","50,125,000","114,610,000","72,866,000","76,474,000","56,903,000","92,441,000","69,305,000","64,111,000","37,902,000","66,242,000","56,126,000","45,815,000","19,004,000","82,969,000","22,160,000","54,780,000","25,413,000","72,071,000","47,290,000","46,336,000","23,406,000","58,290,000","38,075,000","26,704,000","7,299,000","25,836,000","8,498,000","4,706,000","-12,047,000","-13,683,000","37,701,000","20,330,000","6,462,000","71,131,000","64,155,000","47,360,000","9,997,000","90,195,000","49,805,000","37,842,000","20,484,000","68,007,000","28,525,000","33,134,000","9,215,000","41,839,000","6,300,000","3,940,000","-8,550,000","9,183,000","-18,380,000","3,981,000","-1,060,000","23,510,000","5,136,000","7,604,000","-6,144,000","16,910,000","1,571,000"
NetIncomeCommonStockholders,"846,046,000","201,403,000","116,892,000","81,112,000","446,639,000","487,322,000","392,297,000","691,992,000","435,743,000","442,637,000","266,202,000","313,765,000","184,132,000","81,897,000","172,195,000","637,618,000","256,599,000","223,731,000","164,409,000","393,795,000","290,469,000","228,667,000","150,288,000","168,400,000","196,317,000","197,165,000","129,597,000","263,975,000","104,163,000","121,668,000","82,167,000","180,043,000","149,123,000","125,029,000","92,937,000","204,277,000","107,099,000","105,464,000","67,663,000","114,646,000","94,444,000","69,902,000","37,546,000","172,998,000","39,709,000","75,873,000","26,975,000","79,763,000","63,807,000","61,223,000","34,369,000","95,144,000","57,038,000","54,790,000","-6,627,000","64,290,000","12,377,000","-6,637,000","-36,689,000","-1,089,456,000","40,373,000","16,563,000","20,454,000","122,446,000","114,947,000","141,135,000","11,977,000","125,098,000","92,309,000","64,254,000","36,910,000","95,412,000","56,936,000","50,421,000","14,572,000","66,433,000","11,895,000","2,965,000","-16,568,000","-10,084,000","-28,445,000","5,172,000","-1,347,000","15,097,000","1,881,000","7,289,000","-6,095,000","16,178,000","1,978,000"
	NetIncome,"846,046,000","201,403,000","116,892,000","81,112,000","446,639,000","487,322,000","392,297,000","691,992,000","435,743,000","442,637,000","266,202,000","313,765,000","184,132,000","81,897,000","172,195,000","637,618,000","256,599,000","223,731,000","164,409,000","393,795,000","290,469,000","228,667,000","150,288,000","168,400,000","196,317,000","197,165,000","129,597,000","263,975,000","104,163,000","121,668,000","82,167,000","180,043,000","149,123,000","125,029,000","92,937,000","204,277,000","107,099,000","105,464,000","67,663,000","114,646,000","94,444,000","69,902,000","37,546,000","172,998,000","39,709,000","75,873,000","26,975,000","79,763,000","63,807,000","61,223,000","34,369,000","95,144,000","57,038,000","54,790,000","-6,627,000","64,290,000","12,377,000","-6,637,000","-36,689,000","-1,089,456,000","40,373,000","16,563,000","20,454,000","122,446,000","114,947,000","141,135,000","11,977,000","125,098,000","92,309,000","64,254,000","36,910,000","95,412,000","56,936,000","50,421,000","14,572,000","66,433,000","11,895,000","2,965,000","-16,568,000","-10,084,000","-28,445,000","5,172,000","-1,347,000","15,097,000","1,881,000","7,289,000","-6,095,000","16,178,000","1,978,000"
		NetIncomeIncludingNoncontrollingInterests,"868,999,000","206,153,000","125,072,000","86,093,000","451,680,000","489,916,000","396,271,000","692,874,000","436,622,000","443,442,000","268,977,000","315,386,000","184,840,000","82,112,000","173,530,000","639,133,000","258,053,000","223,438,000","170,826,000","394,503,000","291,689,000","229,631,000","150,125,000","170,686,000","197,361,000","198,396,000","131,503,000","265,126,000","110,853,000","123,445,000","84,640,000","182,595,000","149,991,000","133,153,000","93,138,000","205,670,000","109,692,000","130,199,000","67,942,000","118,540,000","94,166,000","74,234,000","61,855,000","156,537,000","42,705,000","75,599,000","29,946,000","110,939,000","60,033,000","74,867,000","44,486,000","71,795,000","55,715,000","44,686,000","-16,187,000","51,130,000","-10,643,000","-13,706,000","-54,419,000","-1,135,275,000","39,601,000","14,081,000","15,329,000","121,894,000","124,639,000","140,970,000","14,877,000","129,986,000","91,732,000","65,834,000","37,139,000","97,575,000","56,936,000","50,421,000","14,572,000","66,433,000","11,895,000","2,965,000","-16,568,000","-10,084,000","-28,445,000","5,172,000","-1,347,000","15,097,000","1,881,000","7,289,000","-6,095,000","16,178,000","1,978,000"
			NetIncomeContinuousOperations,"868,999,000","206,153,000","125,072,000","86,093,000","451,680,000","489,916,000","396,271,000","692,874,000","436,622,000","443,442,000","268,977,000","315,386,000","184,840,000","82,112,000","173,530,000","639,133,000","258,053,000","223,438,000","170,826,000","394,503,000","291,689,000","229,631,000","150,125,000","170,686,000","197,361,000","198,396,000","131,503,000","265,126,000","110,853,000","123,445,000","84,640,000","182,595,000","149,991,000","133,153,000","93,138,000","205,670,000","109,692,000","130,199,000","67,942,000","115,837,000","94,166,000","71,129,000","40,666,000","155,906,000","42,705,000","75,599,000","29,946,000","77,960,000","60,033,000","68,600,000","33,842,000","72,436,000","47,894,000","37,546,000","-16,187,000","51,130,000","-10,643,000","-13,706,000","-54,419,000","-1,089,456,000","30,148,000","16,563,000","20,454,000","119,812,000","114,947,000","141,135,000","11,977,000","125,098,000","92,309,000","64,254,000","36,910,000","95,412,000","56,936,000","50,421,000","14,572,000","66,433,000","11,895,000","2,965,000","-16,568,000","-10,084,000","-28,445,000","5,172,000","-1,347,000","15,097,000","1,881,000","7,289,000","-6,095,000","16,178,000","1,978,000"
			NetIncomeDiscontinuousOperations,,,,,,,,,,,,,,,,,,,,,,,,,,,,,,,,,,,,"0","0","0","0","2,703,000","0","3,105,000","21,189,000","631,000","0","0","0","32,979,000","0","6,267,000","10,644,000","-641,000","7,821,000","7,140,000",,"0","0",,,"0","10,225,000",,,,,,,,,,,,,,,,,,,,,,,,,,,,
		MinorityInterests,"-22,953,000","-4,750,000","-8,180,000","-4,981,000","-5,041,000","-2,594,000","-3,974,000","-882,000","-879,000","-805,000","-2,775,000","-1,621,000","-708,000","-215,000","-1,335,000","-1,515,000","-1,454,000","293,000","-6,417,000","-708,000","-1,220,000","-964,000","163,000","-2,286,000","-1,044,000","-1,231,000","-1,906,000","-1,151,000","-6,690,000","-1,777,000","-2,473,000","-2,552,000","-868,000","-8,124,000","-201,000","-1,393,000","-2,593,000","-24,735,000","-279,000","-3,894,000","278,000","-4,332,000","-24,309,000","16,461,000","-2,996,000","274,000","-2,971,000","-31,176,000","3,774,000","-13,644,000","-10,117,000","23,349,000","1,323,000","10,104,000","9,560,000","13,160,000","23,020,000","7,069,000","17,730,000","45,819,000","772,000","2,482,000","5,125,000","552,000","-9,692,000","165,000","-2,900,000","-4,888,000","577,000","-1,580,000","-229,000",,,,,,,,,,,,,,,,,,
DilutedNIAvailtoComStockholders,"846,046,000","201,403,000","116,892,000","81,112,000","446,639,000","487,322,000","392,297,000","691,992,000","435,743,000","442,637,000","266,202,000","313,765,000","184,132,000","81,897,000","172,195,000","637,618,000","256,599,000","223,731,000","164,409,000","393,795,000","290,469,000","228,667,000","150,288,000","168,400,000","196,317,000","197,165,000","129,597,000","263,975,000","104,163,000","121,668,000","82,167,000","180,043,000","149,123,000","125,029,000","92,937,000","204,277,000","107,099,000","105,464,000","67,663,000","114,646,000","94,444,000","69,902,000","37,546,000","172,998,000","39,709,000","75,873,000","26,975,000","79,763,000","63,807,000","61,223,000","34,369,000","95,144,000","57,038,000","54,790,000","-6,627,000","64,290,000","12,377,000","-6,637,000","-36,689,000","-1,089,456,000","40,373,000","16,563,000","20,454,000","122,446,000","114,947,000","141,135,000","11,977,000","125,098,000","92,309,000","64,254,000","36,910,000","95,412,000","56,936,000","50,421,000","14,572,000","66,433,000","11,895,000","2,965,000","-16,568,000","-10,084,000","-28,445,000","5,172,000","-1,347,000","15,097,000","1,881,000","7,289,000","-6,095,000","16,178,000","1,978,000"
BasicEPS,,"0.65","0.38","0.26","1.4","1.5","1.18","2.07","1.3","1.32","0.79","0.94","0.55","0.24","0.51","1.9","0.76","0.67","0.49","1.16","0.86","0.67","0.44","0.5","0.59","0.6","0.41","0.78","0.31","0.36","0.25","0.54","0.45","0.38","0.28","0.62","0.32","0.32","0.21","0.35","0.29","0.21","0.11","0.53","0.12","0.24","0.08","0.25","0.2","0.19","0.11","0.3","0.18","0.17","-0.02","0.23","0.04","-0.02","-0.14","-5.19","0.2","0.08","0.1","0.55","0.5","0.61","0.05","0.55","0.41","0.28","0.16","0.43","0.26","0.23","0.067","0.33","0.057","0.017","-0.087","-0.057","-0.163","0.04","-0.01","0.08","0.043","0.16","-0.133","0.086","0.057"
DilutedEPS,,"0.64","0.37","0.25","1.38","1.48","1.16","2.04","1.28","1.3","0.78","0.93","0.55","0.24","0.51","1.87","0.75","0.66","0.48","1.15","0.85","0.67","0.44","0.49","0.58","0.59","0.4","0.78","0.31","0.36","0.24","0.53","0.44","0.37","0.28","0.61","0.32","0.32","0.2","0.34","0.28","0.21","0.11","0.53","0.12","0.23","0.08","0.25","0.2","0.19","0.11","0.3","0.18","0.17","-0.02","0.23","0.04","-0.02","-0.14","-5.19","0.19","0.08","0.1","0.53","0.48","0.59","0.05","0.52","0.39","0.27","0.16","0.42","0.25","0.22","0.063","0.31","0.053","0.013","-0.087","-0.057","-0.163","0.04","-0.01","0.08","0.04","0.16","-0.133","0.086","0.057"
BasicAverageShares,,"310,857,203","310,464,609","314,136,880","319,827,769","325,415,305","331,925,104","334,067,349","335,364,942","335,643,233","335,860,494","335,399,591","335,287,245","335,126,126","334,969,826","334,733,459","336,203,747","336,222,471","336,020,431","339,828,803","339,477,316","339,081,556","338,890,098","338,789,326","337,948,324","336,975,149","336,907,836","336,810,506","335,770,122","335,076,746","333,992,935","333,796,096","332,684,487","331,999,935","331,976,907","331,889,104","330,419,006","330,133,061","330,035,445","329,932,000","328,307,961","327,423,589","326,759,455","325,395,253","322,331,850","320,852,344","320,671,395","320,662,314","318,867,447","317,698,275","316,563,392","315,901,493","313,791,661","312,910,934","312,879,640","298,803,851","282,732,848","265,683,366","261,999,151","231,926,509","203,680,475","203,435,495","203,110,675","222,687,870","230,997,817","230,543,095","229,663,454","228,453,448","226,749,704","225,964,727","225,559,521","224,008,743","222,532,011","221,355,696","220,598,529","219,248,793","214,339,077","191,971,482","187,566,528","188,064,588","172,459,215","125,051,097","135,262,971","187,566,528","45,048,132","45,103,848","45,151,899","187,566,528","35,596,377"
DilutedAverageShares,,"314,282,247","315,358,147","319,109,518","324,742,584","329,843,710","337,140,325","339,453,728","340,337,159","339,502,871","339,580,504","338,801,263","337,665,848","337,361,419","339,737,911","340,321,463","341,100,182","340,508,931","340,158,399","342,689,244","343,733,947","343,471,513","342,589,810","341,626,928","341,186,431","340,882,603","339,690,579","339,538,361","338,488,975","338,080,641","337,506,232","337,236,655","336,561,877","336,154,524","335,698,590","335,120,643","334,293,046","333,918,620","333,349,519","332,539,266","332,061,402","331,631,185","330,802,552","329,035,236","327,309,341","326,081,681","325,738,859","324,141,109","323,714,703","324,093,042","322,920,829","321,230,644","319,353,359","318,425,227","312,879,640","309,337,043","285,923,601","265,683,366","261,999,151","231,926,509","207,706,250","208,388,563","207,730,837","228,040,508","237,450,864","237,475,584","236,932,240","239,913,937","233,943,772","233,655,941","232,948,764","231,416,952","230,331,813","229,097,697","228,554,175","262,084,797","225,553,254","208,127,787","187,566,528","188,064,588","172,459,215","127,571,679","135,262,971","187,566,528","45,677,364","45,651,558","45,621,045","187,566,528","35,596,377"
TotalOperatingIncomeAsReported,"961,820,000","306,429,000","37,365,000","243,676,000","374,350,000","516,937,000","376,952,000","592,236,000","409,665,000","366,482,000","269,084,000","443,896,000","211,408,000","94,165,000","220,290,000","513,841,000","316,630,000","284,417,000","144,987,000","459,347,000","189,717,000","225,316,000","213,609,000","418,718,000","235,291,000","222,191,000","195,242,000","352,821,000","172,492,000","182,594,000","107,580,000","206,983,000","240,101,000","228,755,000","160,105,000","288,627,000","185,140,000","206,006,000","112,481,000","169,211,000","158,119,000","187,624,000","101,174,000","232,723,000","103,595,000","172,700,000","76,063,000","116,556,000","143,005,000","130,182,000","73,119,000","172,933,000","130,579,000","97,179,000","45,688,000","140,445,000","56,994,000","38,924,000","5,479,000","-1,055,025,000","108,375,000","87,849,000","70,332,000","191,973,000","215,254,000","198,616,000","93,128,000","223,837,000","138,868,000","127,879,000","59,555,000","158,969,000","95,884,000","80,924,000","36,629,000","110,236,000","44,682,000","25,362,000","-9,272,000","24,319,000","-20,358,000","25,392,000","10,842,000","52,168,000","21,162,000","29,263,000","2,914,000","46,949,000","15,783,000"
TotalExpenses,"29,929,156,000","7,422,695,000","7,376,808,000","7,972,710,000","7,156,942,000","7,405,162,000","6,967,222,000","8,009,359,000","6,407,192,000","6,093,060,000","5,669,951,000","6,465,761,000","5,486,531,000","5,286,727,000","5,616,534,000","6,605,367,000","5,608,480,000","5,429,666,000","4,920,733,000","5,836,710,000","5,071,473,000","4,898,429,000","4,460,361,000","3,918,459,000","3,320,866,000","3,131,322,000","2,787,347,000","3,477,492,000","3,032,231,000","3,033,475,000","2,736,445,000","3,493,890,000","2,475,612,000","2,168,737,000","1,892,398,000","2,519,124,000","2,097,171,000","1,943,970,000","1,755,058,000","1,968,678,000","1,576,487,000","1,561,886,000","1,377,038,000","1,773,773,000","1,437,709,000","1,428,417,000","1,274,735,000","1,648,441,000","1,391,458,000","1,298,063,000","1,113,958,000","1,481,862,000","1,135,813,000","1,078,363,000","980,195,000","1,164,281,000","968,977,000","919,668,000","884,970,000","2,338,309,000","1,191,360,000","1,227,024,000","1,160,593,000","1,628,035,000","1,272,463,000","1,288,870,000","1,088,978,000","1,387,995,000","765,008,000","708,349,000","620,536,000","797,045,000","648,314,000","591,239,000","501,637,000","687,953,000","526,277,000","513,980,000","440,304,000","579,916,000","427,249,000","293,015,000","252,882,000","324,262,000","263,766,000","255,630,000","221,076,000","290,313,000","209,783,000"
NetIncomeFromContinuingAndDiscontinuedOperation,"846,046,000","201,403,000","116,892,000","81,112,000","446,639,000","487,322,000","392,297,000","691,992,000","435,743,000","442,637,000","266,202,000","313,765,000","184,132,000","81,897,000","172,195,000","637,618,000","256,599,000","223,731,000","164,409,000","393,795,000","290,469,000","228,667,000","150,288,000","168,400,000","196,317,000","197,165,000","129,597,000","263,975,000","104,163,000","121,668,000","82,167,000","180,043,000","149,123,000","125,029,000","92,937,000","204,277,000","107,099,000","105,464,000","67,663,000","114,646,000","94,444,000","69,902,000","37,546,000","172,998,000","39,709,000","75,873,000","26,975,000","79,763,000","63,807,000","61,223,000","34,369,000","95,144,000","57,038,000","54,790,000","-6,627,000","64,290,000","12,377,000","-6,637,000","-36,689,000","-1,089,456,000","40,373,000","16,563,000","20,454,000","122,446,000","114,947,000","141,135,000","11,977,000","125,098,000","92,309,000","64,254,000","36,910,000","95,412,000","56,936,000","50,421,000","14,572,000","66,433,000","11,895,000","2,965,000","-16,568,000","-10,084,000","-28,445,000","5,172,000","-1,347,000","15,097,000","1,881,000","7,289,000","-6,095,000","16,178,000","1,978,000"
NormalizedIncome,"818,339,265.894","194,103,700.295","114,393,141.364","67,973,800","446,727,160","366,325,957.837","385,552,400","653,175,686.015","421,549,020","441,922,895.473","266,080,476","372,499,149.44","142,422,370","82,297,328.038","212,604,568","637,763,270","256,591,773","223,723,186.362","222,011,376.984","391,958,918.795","290,290,962.374","219,242,138.386","171,675,319.208","167,821,000","191,858,070.999","188,762,335.383","128,600,525.326","259,637,535.696","96,487,105.9","116,050,279.341","83,868,404.371","179,655,330.058","147,000,241.397","120,591,561.798","94,603,714.631","190,094,503.581","116,813,339.257","89,938,752.56","63,364,149.106","172,993,149.627","93,980,350.305","88,218,297.809","23,465,882.956","171,942,765.986","52,662,378.17","77,240,600","13,341,900","47,909,150","67,582,850","54,956,000","23,725,000","105,306,850","49,217,000","47,650,000","-6,627,000","65,493,082.27","12,377,000","-6,637,000","-12,736,485.256","53,739,065.325","23,800,100","16,930,250","20,454,000","125,386,489.811","107,898,151.294","143,289,144.115","57,079,850","126,887,200","92,309,000","78,260,158.615","36,910,000","95,412,000","57,351,722.54","51,526,514.595","17,592,135.368","66,433,000","25,693,069.25","9,909,400","-11,520,030.257","129,200","-18,430,780.566","7,158,000","-1,347,000","15,097,000","1,881,000","7,289,000","-6,095,000","16,178,000","1,978,000"
InterestIncome,,,,,,,,,,,,,,,,,,,"1,534,000","2,244,000","1,231,000","1,489,000","3,621,000","2,886,000","3,129,000","1,427,000","2,411,000","2,506,000","1,020,000","3,066,000","1,459,000","1,454,000","1,158,000","1,402,000","2,297,000","1,912,000","1,598,000","1,146,000","1,577,000","1,287,000","1,484,000","1,490,000","2,028,000","1,860,000","1,895,000","1,585,000","2,303,000","2,380,000","2,493,000","1,902,000","2,668,000","2,042,000","1,463,000","3,111,000","1,800,000","1,339,000","1,248,000","1,237,000","2,305,000",,,,,,,,,,,,,,,,,,,,,,,,,,,,,,
InterestExpense,,"42,982,000","28,414,000","17,698,000","19,957,000","18,518,000","12,826,000","15,436,000","11,038,000","13,772,000","10,106,000","15,958,000","17,829,000","17,950,000","16,016,000","18,116,000","21,846,000","24,600,000","22,726,000","24,876,000","26,651,000","26,885,000","28,858,000","32,891,000","34,483,000","35,430,000","34,010,000","35,801,000","37,273,000","36,987,000","34,790,000","35,813,000","30,699,000","26,154,000","26,214,000","27,709,000","27,841,000","28,470,000","28,015,000","27,372,000","27,783,000","37,532,000","42,395,000","43,025,000","43,651,000","44,411,000","43,981,000","43,235,000","39,080,000","34,216,000","33,718,000","41,329,000","49,755,000","50,275,000","49,792,000","52,855,000","54,075,000","47,418,000","34,798,000",,,,,,,,,,,,,,,,,,,,,,,,,,,,,,
NetInterestIncome,"-109,051,000","-42,982,000","-28,414,000","-17,698,000","-19,957,000","-18,518,000","-12,826,000","-15,436,000","-11,038,000","-13,772,000","-10,106,000","-15,958,000","-17,829,000","-17,950,000","-16,016,000","-18,116,000","-21,846,000","-24,600,000","-21,192,000","-22,632,000","-25,420,000","-25,396,000","-25,237,000","-30,005,000","-31,354,000","-34,003,000","-31,599,000","-33,295,000","-36,253,000","-33,921,000","-33,331,000","-34,359,000","-29,541,000","-24,752,000","-23,917,000","-25,797,000","-26,243,000","-27,324,000","-26,438,000","-26,085,000","-26,299,000","-36,042,000","-40,367,000","-41,165,000","-41,756,000","-42,826,000","-41,678,000","-40,855,000","-36,587,000","-32,314,000","-31,050,000","-39,287,000","-48,292,000","-47,164,000","-47,992,000","-51,516,000","-52,827,000","-46,181,000","-32,493,000",,,,,,,,,,,,,,,,,,,,,,,,,,,,,,
EBIT,"925,856,000","304,539,000","181,522,000","78,330,000","614,304,000","629,196,000","405,359,000","932,537,000","581,167,000","590,659,000","355,410,000","426,398,000","251,731,000","118,865,000","240,728,000","557,277,000","343,367,000","310,559,000","237,430,000","520,991,000","413,303,000","326,835,000","225,147,000","473,911,000","308,022,000","302,188,000","216,786,000","432,011,000","199,540,000","224,471,000","169,555,000","333,018,000","253,556,000","235,781,000","176,255,000","325,820,000","206,838,000","222,780,000","133,859,000","209,451,000","178,075,000","154,476,000","102,065,000","281,900,000","108,516,000","174,790,000","99,340,000","193,266,000","146,403,000","149,152,000","90,966,000","172,055,000","135,724,000","114,525,000","40,904,000","129,821,000","51,930,000","38,418,000","-31,668,000","-1,055,025,000","108,375,000","87,849,000","70,332,000","209,081,000","220,346,000","201,493,000","124,983,000","223,837,000","138,868,000","127,879,000","59,555,000","158,969,000","95,884,000","80,924,000","36,629,000","110,236,000","48,722,000","36,936,000","688,000","41,341,000","-3,873,000","28,702,000","10,842,000","52,204,000","21,162,000","29,263,000","2,914,000","46,949,000","15,783,000"
EBITDA,"1,543,431,000","458,926,000","343,013,000","237,891,000","756,440,000","791,555,000","554,391,000","1,094,681,000","703,731,000","709,744,000","477,488,000","570,223,000","379,456,000","235,249,000","354,522,000","672,639,000","454,927,000","417,038,000","343,253,000","637,931,000","526,787,000","440,234,000","333,312,000","583,011,000","410,613,000","402,574,000","310,823,000","528,951,000","292,265,000","314,739,000","256,549,000","431,616,000","328,603,000","306,386,000","246,101,000","395,264,000","273,997,000","286,075,000","199,062,000","262,435,000","225,599,000","198,077,000","148,346,000","326,650,000","148,618,000","213,126,000","145,797,000","229,800,000","177,711,000","174,537,000","114,144,000","201,300,000","161,329,000","142,141,000","67,199,000","155,291,000","76,375,000","62,584,000","-6,276,000","-1,023,860,000","136,104,000","115,074,000","98,784,000","241,660,000","250,796,000","230,954,000","154,145,000","253,451,000","154,260,000","154,367,000","75,751,000","172,897,000","108,966,000","93,423,000","49,239,000","126,411,000","70,198,000","50,336,000","19,181,000","80,392,000","37,198,000","35,031,000","17,013,000","58,711,000","27,566,000","33,374,000","10,506,000","53,359,000","21,571,000"
ReconciledCostOfRevenue,"24,619,220,000","6,179,496,000","6,006,413,000","6,498,820,000","5,934,490,000","6,053,984,000","5,752,194,000","6,584,255,000","5,258,947,000","5,016,759,000","4,719,546,000","5,370,830,000","4,564,579,000","4,399,537,000","4,712,674,000","5,533,853,000","4,687,336,000","4,445,790,000","4,022,034,000","4,771,599,000","4,098,904,000","3,958,748,000","3,619,961,000","2,974,208,000","2,513,377,000","2,318,562,000","2,087,079,000","2,603,098,000","2,252,783,000","2,254,233,000","2,013,613,000","2,530,521,000","1,773,660,000","1,487,974,000","1,290,777,000","1,706,343,000","1,428,986,000","1,314,473,000","1,161,460,000","1,276,998,000","1,032,348,000","1,018,827,000","861,216,000","1,131,570,000","915,245,000","908,143,000","787,556,000","1,008,260,000","894,607,000","839,822,000","713,755,000","930,489,000","735,393,000","678,714,000","615,194,000","721,165,000","606,470,000","566,831,000","553,419,000","727,124,000","753,045,000","735,002,000","699,796,000","965,088,000","789,713,000","789,655,000","647,879,000","896,481,000","456,494,000","398,263,000","339,179,000","481,142,000","379,526,000","337,010,000","265,806,000","404,902,000","291,575,000","270,041,000","222,560,000","311,545,000","208,198,000","153,066,000","123,599,000",,,,,,
ReconciledDepreciation,"617,575,000","154,387,000","161,491,000","159,561,000","142,136,000","162,359,000","149,032,000","162,144,000","122,564,000","119,085,000","122,078,000","143,825,000","127,725,000","116,384,000","113,794,000","115,362,000","111,560,000","106,479,000","105,823,000","116,940,000","113,484,000","113,399,000","108,165,000","109,100,000","102,591,000","100,386,000","94,037,000","96,940,000","92,725,000","90,268,000","86,994,000","98,598,000","75,047,000","70,605,000","69,846,000","69,444,000","67,159,000","63,295,000","65,203,000","52,984,000","47,524,000","43,601,000","46,281,000","44,750,000","40,102,000","38,336,000","46,457,000","36,534,000","31,308,000","25,385,000","23,178,000","29,245,000","25,605,000","27,616,000","26,295,000","25,470,000","24,445,000","24,166,000","25,392,000","31,165,000","27,729,000","27,225,000","28,452,000","32,579,000","30,450,000","29,461,000","29,162,000","29,614,000","15,392,000","26,488,000","16,196,000","13,928,000","13,082,000","12,499,000","12,610,000","16,175,000","21,476,000","13,400,000","18,493,000","39,051,000","41,071,000","6,329,000","6,171,000","6,507,000","6,404,000","4,111,000","7,592,000","6,410,000","5,788,000"
NetIncomeFromContinuingOperationNetMinorityInterest,"846,046,000","201,403,000","116,892,000","81,112,000","446,639,000","487,322,000","392,297,000","691,992,000","435,743,000","442,637,000","266,202,000","313,765,000","184,132,000","81,897,000","172,195,000","637,618,000","256,599,000","223,731,000","164,409,000","393,795,000","290,469,000","228,667,000","150,288,000","168,400,000","196,317,000","197,165,000","129,597,000","263,975,000","104,163,000","121,668,000","82,167,000","180,043,000","149,123,000","125,029,000","92,937,000","204,277,000","107,099,000","105,464,000","67,663,000","111,943,000","94,444,000","66,797,000","16,357,000","172,367,000","39,709,000","75,873,000","26,975,000","46,784,000","63,807,000","54,956,000","23,725,000","95,785,000","49,217,000","47,650,000","-6,627,000","64,290,000","12,377,000","-6,637,000","-36,689,000","-1,089,456,000","30,148,000","16,563,000","20,454,000","119,812,000","114,947,000","141,135,000","11,977,000","125,098,000","92,309,000","64,254,000","36,910,000","95,412,000","56,936,000","50,421,000","14,572,000","66,433,000","11,895,000","2,965,000","-16,568,000","-10,084,000","-28,445,000","5,172,000","-1,347,000","15,097,000","1,881,000","7,289,000","-6,095,000","16,178,000","1,978,000"
TotalUnusualItemsExcludingGoodwill,"34,104,000","9,261,000","3,059,000","21,897,000","-116,000","150,821,000","11,241,000","51,378,000","18,530,000","929,000","156,000","-76,436,000","52,797,000","-492,000","-52,344,000","-199,000","9,000","10,000","-72,398,000","2,309,000","236,000","12,311,000","-27,964,000","965,000","6,180,000","11,298,000","1,385,000","6,482,000","11,236,000","8,532,000","-2,709,000","631,000","3,154,000","6,986,000","-2,685,000","20,557,000","-15,852,000","23,170,000","6,697,000","-95,962,000","740,000","-35,219,000","-10,431,000","650,000","-19,675,000","-2,104,000","20,974,000","-1,731,000","-5,809,000","6,027,000","1,972,000","-14,649,000","0","0","0","-1,811,000","0","0","-29,255,000","-1,157,553,000","9,766,000","-565,000",,"-8,884,000","10,983,000","-2,877,000","-69,389,000","-2,982,000",,"-22,255,000",,"0","-624,000","-1,832,000","-4,930,000","0","-21,106,000","-11,574,000","-7,653,000","-17,022,000","-16,485,000","-3,310,000",,,,,,,
TotalUnusualItems,"34,104,000","9,261,000","3,059,000","21,897,000","-116,000","150,821,000","11,241,000","51,378,000","18,530,000","929,000","156,000","-76,436,000","52,797,000","-492,000","-52,344,000","-199,000","9,000","10,000","-72,398,000","2,309,000","236,000","12,311,000","-27,964,000","965,000","6,180,000","11,298,000","1,385,000","6,482,000","11,236,000","8,532,000","-2,709,000","631,000","3,154,000","6,986,000","-2,685,000","20,557,000","-15,852,000","23,170,000","6,697,000","-95,962,000","740,000","-35,219,000","-10,431,000","650,000","-19,675,000","-2,104,000","20,974,000","-1,731,000","-5,809,000","6,027,000","1,972,000","-14,649,000","0","0","0","-1,811,000","0","0","-29,255,000","-1,157,553,000","9,766,000","-565,000",,"-8,884,000","10,983,000","-2,877,000","-69,389,000","-2,982,000",,"-22,255,000",,"0","-624,000","-1,832,000","-4,930,000","0","-21,106,000","-11,574,000","-7,653,000","-17,022,000","-16,485,000","-3,310,000",,,,,,,
NormalizedEBITDA,"1,509,327,000","449,665,000","339,954,000","215,994,000","756,556,000","640,734,000","543,150,000","1,043,303,000","685,201,000","708,815,000","477,332,000","646,659,000","326,659,000","235,741,000","406,866,000","672,838,000","454,918,000","417,028,000","415,651,000","635,622,000","526,551,000","427,923,000","361,276,000","582,046,000","404,433,000","391,276,000","309,438,000","522,469,000","281,029,000","306,207,000","259,258,000","430,985,000","325,449,000","299,400,000","248,786,000","374,707,000","289,849,000","262,905,000","192,365,000","358,397,000","224,859,000","233,296,000","158,777,000","326,000,000","168,293,000","215,230,000","124,823,000","231,531,000","183,520,000","174,537,000","114,144,000","215,949,000","161,329,000","142,141,000","67,199,000","157,102,000","76,375,000","62,584,000","22,979,000","133,693,000","126,338,000","115,639,000","98,784,000","250,544,000","239,813,000","233,831,000","223,534,000","256,433,000","154,260,000","176,622,000","75,751,000","172,897,000","109,590,000","95,255,000","54,169,000","126,411,000","91,304,000","61,910,000","26,834,000","97,414,000","53,683,000","38,341,000","17,013,000","58,711,000","27,566,000","33,374,000","10,506,000","53,359,000","21,571,000"
TaxRateForCalcs,"0.188","0.212","0.183","0.4","0.24","0.198","0.4","0.244","0.234","0.231","0.221","0.232","0.21","0.186","0.228","0.27","0.197","0.219","0.204","0.205","0.246","0.234","0.235","0.4","0.278","0.256","0.281","0.331","0.317","0.342","0.372","0.386","0.327","0.365","0.379","0.31","0.387","0.33","0.358","0.364","0.373","0.392","0.318","0.347","0.342","0.35","0.35","0.35","0.35","0.4","0.35","0.35","0.35","0.35","0.35","0.336","0.35","0.35","0.181","0.012","0.35","0.35","0.24","0.373","0.358","0.251","0.35","0.4","0.35","0.371","0.357","0.4","0.334","0.397","0.387","0.386","0.346","0.4","0.34","0.4","0.393","0.4","0.4","0.4","0.4","0.4","0.4","0.4","0.4"
TaxEffectOfUnusualItems,"6,397,265.894","1,961,700.295","560,141.364","8,758,800","-27,840","29,824,957.837","4,496,400","12,561,686.015","4,336,020","214,895.473","34,476","-17,701,850.56","11,087,370","-91,671.962","-11,934,432","-53,730","1,773","2,186.362","-14,795,623.016","472,918.795","57,962.374","2,886,138.386","-6,576,680.792","386,000","1,721,070.999","2,895,335.383","388,525.326","2,144,535.696","3,560,105.9","2,914,279.341","-1,007,595.629","243,330.058","1,031,241.397","2,548,561.798","-1,018,285.369","6,374,503.581","-6,137,660.743","7,644,752.56","2,398,149.106","-34,911,850.373","276,350.305","-13,797,702.191","-3,322,117.044","225,765.986","-6,721,621.83","-736,400","7,340,900","-605,850","-2,033,150","0","0","-5,127,150","0","0","0","-607,917.73","0","0","-5,302,485.256","-14,357,934.675","3,418,100","-197,750","0","-3,309,510.189","3,934,151.294","-722,855.885","-24,286,150","-1,192,800","0","-8,248,841.385","0","0","-208,277.46","-726,485.405","-1,909,864.632","0","-7,307,930.75","-4,629,600","-2,605,030.257","-6,808,800","-6,470,780.566","-1,324,000","0","0","0","0","0","0","0"