name,ttm,06/30/2023,03/31/2023,12/31/2022,09/30/2022,06/30/2022,03/31/2022,12/31/2021,09/30/2021,06/30/2021,03/31/2021,12/31/2020,09/30/2020,06/30/2020,03/31/2020,12/31/2019,09/30/2019,06/30/2019,03/31/2019,12/31/2018,09/30/2018,06/30/2018,03/31/2018,12/31/2017,09/30/2017,06/30/2017,03/31/2017,12/31/2016,09/30/2016,06/30/2016,03/31/2016,12/31/2015,09/30/2015,06/30/2015,03/31/2015,12/31/2014,09/30/2014,06/30/2014,03/31/2014,12/31/2013,09/30/2013,06/30/2013,03/31/2013,12/31/2012,09/30/2012,06/30/2012,03/31/2012,12/31/2011,09/30/2011,06/30/2011,03/31/2011,12/31/2010,09/30/2010,06/30/2010,03/31/2010,12/31/2009,09/30/2009,06/30/2009,03/31/2009,12/31/2008,09/30/2008,06/30/2008,03/31/2008,12/31/2007,09/30/2007,06/30/2007,03/31/2007,12/31/2006,09/30/2006,06/30/2006,03/31/2006,12/31/2005,09/30/2005,06/30/2005,03/31/2005,12/31/2004,09/30/2004,06/30/2004,03/31/2004,12/31/2003,09/30/2003,06/30/2003,03/31/2003,12/31/2002,09/30/2002,06/30/2002,03/31/2002,12/31/2001,09/30/2001,06/30/2001,03/31/2001,12/31/2000,09/30/2000,06/30/2000,03/31/2000,12/31/1999,09/30/1999,06/30/1999,03/31/1999,12/31/1998,09/30/1998,06/30/1998,03/31/1998,12/31/1997,09/30/1997,06/30/1997,03/31/1997,12/31/1996,09/30/1996,06/30/1996,03/31/1996,12/31/1995,09/30/1995,06/30/1995,03/31/1995,12/31/1994,09/30/1994,06/30/1994,03/31/1994,12/31/1993,09/30/1993,06/30/1993,03/31/1993,12/31/1992,09/30/1992,06/30/1992,03/31/1992,12/31/1991,09/30/1991,06/30/1991,03/31/1991,12/31/1990,09/30/1990,06/30/1990,03/31/1990,12/31/1989,09/30/1989,06/30/1989,03/31/1989,12/31/1988,09/30/1988,06/30/1988,03/31/1988
TotalRevenue,"401,758,000,000","125,564,000,000","120,151,000,000","92,628,000,000","63,469,000,000","9,261,000,000","68,832,000,000","112,325,000,000","75,504,000,000","96,508,000,000","70,299,000,000","103,735,000,000","94,606,000,000","96,925,000,000","-9,010,000,000","96,679,000,000","75,898,000,000","73,646,000,000","81,000,000,000","28,206,000,000","78,156,000,000","68,562,000,000","50,458,000,000","58,907,000,000","60,525,000,000","57,518,000,000","65,187,000,000","57,673,000,000","59,068,000,000","54,460,000,000","52,403,000,000","51,820,000,000","58,989,000,000","51,368,000,000","48,644,000,000","48,259,000,000","51,199,000,000","49,762,000,000","45,453,000,000","47,049,000,000","46,541,000,000","44,693,000,000","43,867,000,000","44,720,000,000","41,050,000,000","38,546,000,000","38,147,000,000","37,955,000,000","33,739,000,000","38,274,000,000","33,720,000,000","36,165,000,000","36,274,000,000","31,709,000,000","32,037,000,000","30,198,000,000","29,904,000,000","29,607,000,000","22,784,000,000","24,592,000,000","27,926,000,000","30,093,000,000","25,175,000,000","28,043,000,000","29,937,000,000","27,347,000,000","32,918,000,000","26,231,000,000","25,360,000,000","24,185,000,000","22,763,000,000","25,368,000,000","20,533,000,000","18,128,000,000","17,634,000,000","20,030,000,000","19,172,000,000","17,996,000,000","17,184,000,000","19,855,000,000","18,232,000,000","14,396,000,000","11,423,000,000","12,144,000,000","10,637,000,000","9,904,000,000","9,358,000,000","9,531,000,000","9,259,000,000","10,618,000,000","8,088,000,000","12,485,000,000","8,386,000,000","6,553,000,000","6,474,000,000","6,070,000,000","7,051,000,000","5,461,000,000","5,446,000,000","3,662,000,000","2,909,000,000","3,936,000,000","3,325,000,000","3,951,900,000","2,372,700,000","2,338,200,000","2,074,800,000","2,727,600,000","2,015,300,000","1,914,800,000","4,139,700,000","1,180,000,000","895,900,000","808,600,000","828,800,000","1,200,200,000","820,800,000","890,500,000","935,900,000","445,500,000","744,100,000","703,700,000","725,800,000","923,500,000","809,400,000","656,800,000","639,600,000","98,000,000","776,500,000","776,500,000","776,500,000","453,500,000","354,400,000","380,100,000","392,000,000","620,800,000","597,100,000","564,200,000","701,700,000","662,900,000","583,900,000","576,400,000","641,700,000"
	TotalPremiumsEarned,"79,433,000,000","20,561,000,000","19,796,000,000","20,256,000,000","18,810,000,000","18,087,000,000","17,492,000,000","18,164,000,000","17,727,000,000","17,163,000,000","16,424,000,000","16,145,000,000","15,913,000,000","15,595,000,000","15,748,000,000","16,573,000,000","15,323,000,000","14,863,000,000","14,319,000,000","15,563,000,000","14,333,000,000","14,149,000,000","13,373,000,000","13,128,000,000","13,349,000,000","12,367,000,000","21,753,000,000","12,594,000,000","11,364,000,000","10,799,000,000","11,124,000,000","10,840,000,000","10,514,000,000","10,400,000,000","9,540,000,000","9,797,000,000","12,717,000,000","9,323,000,000","9,416,000,000","9,222,000,000","9,270,000,000","8,815,000,000","9,377,000,000","9,201,000,000","8,851,000,000","8,428,000,000","8,065,000,000","7,999,000,000","7,645,000,000","8,949,000,000","7,482,000,000","7,405,000,000","9,054,000,000","6,864,000,000","7,426,000,000","6,621,000,000","6,595,000,000","6,485,000,000","8,183,000,000","6,620,000,000","6,465,000,000","6,231,000,000","6,209,000,000","6,299,000,000","6,020,000,000","5,950,000,000","13,514,000,000","6,247,000,000","6,359,000,000","5,836,000,000","5,522,000,000","5,691,000,000","5,779,000,000","5,196,000,000","5,331,000,000","5,248,000,000","5,354,000,000","5,481,000,000","5,002,000,000","5,554,000,000","5,242,000,000","5,521,000,000","5,176,000,000","5,562,000,000","4,765,000,000","4,417,000,000","4,438,000,000","4,584,000,000","4,213,000,000","5,382,000,000","3,726,000,000","7,843,000,000","4,872,000,000","3,408,000,000","3,220,000,000","3,606,000,000","4,603,000,000","3,027,000,000","3,070,000,000","1,498,000,000","1,367,000,000","1,249,000,000","1,367,000,000","1,429,200,000","1,088,800,000","1,260,100,000","983,000,000","1,213,000,000","971,200,000","1,011,700,000","921,900,000",,"173,900,000","174,200,000","231,400,000",,,,,,,,,,,,,,,,,,,,,,,,,,,,
	NetInvestmentIncome,"69,223,000,000","33,046,000,000","31,317,000,000","17,390,000,000","-12,873,000,000","-66,919,000,000","-2,024,000,000","-36,121,000,000","4,829,000,000","27,247,000,000","5,251,000,000","-15,421,000,000","30,242,000,000","40,161,000,000","-69,875,000,000","267,000,000","234,000,000","213,000,000","770,000,000","-603,000,000","137,000,000","372,000,000","-8,015,000,000","161,000,000","765,000,000","222,000,000","772,000,000","2,990,000,000","1,193,000,000","660,000,000","1,036,000,000","1,386,000,000","7,575,000,000","-38,000,000","1,414,000,000","311,000,000","-118,000,000","2,521,000,000","1,295,000,000","1,866,000,000","2,067,000,000","916,000,000","1,711,000,000","2,201,000,000","799,000,000","-943,000,000","896,000,000","343,000,000","-2,351,000,000","1,105,000,000","-136,000,000","2,084,000,000","312,000,000","-1,793,000,000","1,729,000,000","1,556,000,000","1,817,000,000","2,330,000,000","-4,983,000,000","-5,313,000,000","-1,557,000,000","935,000,000","-1,526,000,000","930,000,000","3,065,000,000","928,000,000","586,000,000","992,000,000","267,000,000","459,000,000","803,000,000","4,579,000,000","727,000,000","-260,000,000","-106,000,000","2,345,000,000","766,000,000","-262,000,000","1,641,000,000",,"1,584,000,000","1,848,000,000","2,075,000,000",,"1,890,000,000","105,000,000","57,000,000","203,000,000","110,000,000","84,000,000","171,000,000","70,000,000","110,000,000","94,000,000","282,000,000","-22,000,000","12,000,000","76,000,000","59,000,000","176,000,000","13,000,000","11,000,000","12,000,000","224,300,000","8,700,000","8,200,000","6,800,000","242,600,000","5,900,000","5,200,000","5,800,000",,"120,600,000","114,600,000","102,100,000",,,,,,,,,,,,,,,,,,,,,,,,,,,,
	NetRealizedGainLossOnInvestments,"-406,000,000","15,000,000","3,441,000,000","-2,927,000,000","-592,000,000",,"46,000,000","76,648,000,000","92,000,000","147,000,000","449,000,000","54,775,000,000","1,340,000,000","-76,000,000","-400,000,000","31,044,000,000","10,692,000,000","9,835,000,000","19,552,000,000","-34,905,000,000","14,569,000,000","5,990,000,000",,"2,000,000","200,000,000","3,000,000","3,000,000","3,000,000","2,415,000,000","3,000,000","4,000,000","-144,000,000","-73,000,000","226,000,000","1,000,000","0","0","0","72,000,000","2,000,000","74,000,000","37,000,000","71,000,000","-464,000,000","917,000,000","125,000,000","-106,000,000","-765,000,000","92,000,000","1,289,000,000","-407,000,000","-2,145,000,000","458,000,000","383,000,000","1,318,000,000","3,475,000,000","85,000,000","3,000,000","-3,466,000,000","-705,000,000","-296,000,000","246,000,000","115,000,000","1,019,000,000","3,065,000,000","928,000,000","586,000,000","-1,415,000,000","267,000,000","459,000,000","449,000,000","107,000,000","727,000,000","-260,000,000","-106,000,000","2,345,000,000","766,000,000","-262,000,000","647,000,000","1,281,000,000","634,000,000","1,391,000,000","811,000,000","438,000,000","12,000,000","70,000,000","166,000,000","135,000,000","326,000,000","660,000,000","242,000,000","1,594,000,000","908,000,000","717,000,000","736,000,000","141,000,000","425,000,000","396,000,000","403,000,000","188,000,000","153,000,000","1,351,000,000","723,000,000","855,600,000","182,500,000","35,500,000","32,700,000","55,500,000","96,100,000","-7,200,000","2,339,700,000",,,,,,,,,,,,,,,,,,,,,,,,,,,,,,,,
	InterestIncome,"12,615,000,000","3,846,000,000","3,229,000,000","3,162,000,000","2,378,000,000","2,861,000,000","1,862,000,000","1,921,000,000","1,795,000,000","1,898,000,000","1,851,000,000","1,949,000,000","1,717,000,000","2,150,000,000","2,276,000,000","2,345,000,000","2,483,000,000","2,295,000,000","2,117,000,000","2,095,000,000","1,993,000,000","1,908,000,000","1,682,000,000","1,704,000,000","1,680,000,000","1,686,000,000","1,512,000,000","787,000,000","1,642,000,000","2,028,000,000","1,723,000,000","1,910,000,000","1,461,000,000","1,739,000,000","1,635,000,000","1,550,000,000","1,503,000,000","1,912,000,000","1,493,000,000","1,644,000,000","1,460,000,000","1,952,000,000","1,352,000,000","1,512,000,000","1,360,000,000","1,792,000,000","1,442,000,000","1,515,000,000","1,435,000,000","1,785,000,000","1,675,000,000","1,653,000,000","1,634,000,000","1,915,000,000","1,696,000,000","1,741,000,000","1,781,000,000","1,873,000,000","1,736,000,000","1,808,000,000","1,607,000,000","1,719,000,000","1,622,000,000","1,735,000,000","1,707,000,000","1,713,000,000","1,541,000,000","1,520,000,000","1,517,000,000","1,526,000,000","1,429,000,000","1,358,000,000","1,279,000,000","1,261,000,000","1,143,000,000","1,048,000,000","970,000,000","1,010,000,000","990,000,000","1,047,000,000","928,000,000","1,054,000,000","1,209,000,000","1,255,000,000","1,121,000,000","909,000,000","963,000,000","697,000,000","710,000,000","680,000,000","678,000,000","782,000,000","648,000,000","649,000,000","634,000,000","593,000,000","614,000,000","534,000,000","573,000,000","275,000,000","242,000,000","283,000,000","249,000,000","358,500,000","237,500,000","213,900,000","234,800,000","292,300,000","220,300,000","190,000,000","172,200,000",,,,,,,,,,,,,,,,,,,,,,,,,,,,,,,,
	FeeRevenueAndOtherIncome,"240,893,000,000","68,096,000,000","62,368,000,000","54,747,000,000","55,746,000,000","55,232,000,000","51,456,000,000","51,713,000,000","51,061,000,000","50,053,000,000","46,324,000,000","46,287,000,000","45,394,000,000","39,095,000,000","43,241,000,000","46,450,000,000","47,166,000,000","46,440,000,000","44,242,000,000","46,056,000,000","47,124,000,000","46,143,000,000","43,418,000,000","43,912,000,000","44,531,000,000","43,240,000,000","41,147,000,000","41,299,000,000","42,454,000,000","40,970,000,000","38,516,000,000","37,828,000,000","39,512,000,000","39,041,000,000","36,054,000,000","36,601,000,000","37,097,000,000","36,006,000,000","33,177,000,000","34,315,000,000","33,670,000,000","32,973,000,000","31,427,000,000","31,334,000,000","30,040,000,000","29,269,000,000","27,744,000,000","27,889,000,000","27,010,000,000","26,435,000,000","24,699,000,000","25,009,000,000","25,274,000,000","24,723,000,000","21,186,000,000","20,213,000,000","19,711,000,000","18,919,000,000","17,848,000,000","21,477,000,000","21,411,000,000","21,208,000,000","18,870,000,000","19,079,000,000","19,145,000,000","18,756,000,000","17,277,000,000","17,358,000,000","17,217,000,000","16,364,000,000","15,009,000,000","13,272,000,000","12,748,000,000","11,931,000,000","11,266,000,000","11,389,000,000","12,082,000,000","11,767,000,000","10,545,000,000","11,973,000,000","11,428,000,000","6,430,000,000","4,227,000,000","4,889,000,000","4,739,000,000","4,403,000,000","3,734,000,000","3,912,000,000","3,900,000,000","3,812,000,000","3,271,000,000","2,196,000,000","1,848,000,000","1,685,000,000","1,602,000,000","1,752,000,000","1,397,000,000","1,428,000,000","1,341,000,000","1,525,000,000","1,134,000,000","1,042,000,000","974,000,000","1,084,300,000","855,200,000","820,500,000","817,500,000","924,200,000","721,800,000","715,100,000","700,100,000","2,096,600,000","601,400,000","519,800,000","495,300,000",,,,,,,,,,"809,400,000","656,800,000","639,600,000",,,,,"453,500,000","354,400,000","380,100,000","392,000,000",,,,,,,,
		FeesAndCommissions,"5,030,000,000","1,490,000,000","1,018,000,000","1,149,000,000","1,437,000,000","1,578,000,000","1,160,000,000","1,405,000,000","1,788,000,000","1,783,000,000","1,076,000,000","1,586,000,000","1,776,000,000","1,239,000,000","873,000,000","1,110,000,000","1,382,000,000","1,404,000,000","847,000,000",,,,,,,,,,,,,,,,,,,,,,,,,,,,,,,,,,,,,,,,,,,,,,,,,,,,,,,,,,,,,,,,,,,,,,,,,,,,,,"1,397,000,000","1,428,000,000","1,341,000,000",,"1,134,000,000","1,042,000,000","974,000,000","1,084,300,000","855,200,000","820,500,000","817,500,000","924,200,000","721,800,000","715,100,000","700,100,000",,,,,,,,,,,,,,,,,,,,,,,,,,,,,,,,
		OtherIncomeExpense,"235,863,000,000","66,606,000,000","61,350,000,000","53,598,000,000","54,309,000,000","53,654,000,000","50,296,000,000","50,308,000,000","49,273,000,000","48,270,000,000","45,248,000,000","44,701,000,000","43,618,000,000","37,856,000,000","42,368,000,000","45,340,000,000","45,784,000,000","45,036,000,000","43,395,000,000","41,641,000,000","47,124,000,000","46,143,000,000","43,418,000,000","43,912,000,000","44,531,000,000","43,240,000,000","41,147,000,000","41,299,000,000","42,454,000,000","40,970,000,000","38,516,000,000","37,828,000,000","39,512,000,000","39,041,000,000","36,054,000,000","36,601,000,000","37,097,000,000","36,006,000,000","33,177,000,000","34,315,000,000","33,670,000,000","32,973,000,000","31,427,000,000","31,334,000,000","30,040,000,000","29,269,000,000","27,744,000,000","27,889,000,000","27,010,000,000","26,435,000,000","24,699,000,000","25,009,000,000","25,274,000,000","24,723,000,000","21,186,000,000","20,213,000,000","19,711,000,000","18,919,000,000","17,848,000,000","21,477,000,000","21,411,000,000","21,208,000,000","18,870,000,000","19,079,000,000","19,145,000,000","18,756,000,000","17,277,000,000","17,358,000,000","17,217,000,000","16,364,000,000","15,009,000,000","13,272,000,000","12,748,000,000","11,931,000,000","11,266,000,000","11,389,000,000","12,082,000,000","11,767,000,000","10,545,000,000","11,973,000,000","11,428,000,000","6,430,000,000","4,227,000,000","4,889,000,000","4,739,000,000","4,403,000,000","3,734,000,000","3,912,000,000","3,900,000,000","3,812,000,000","3,271,000,000","2,196,000,000","1,848,000,000","1,685,000,000","1,602,000,000","1,752,000,000","1,397,000,000","1,428,000,000","1,341,000,000","1,525,000,000","1,134,000,000","1,042,000,000","974,000,000","1,084,300,000","855,200,000","820,500,000","817,500,000","924,200,000","721,800,000","715,100,000","700,100,000","2,096,600,000","601,400,000","519,800,000","495,300,000",,,,,,,,,,"809,400,000","656,800,000","639,600,000",,,,,"453,500,000","354,400,000","380,100,000","392,000,000",,,,,,,,
TotalExpenses,"293,796,000,000","80,129,000,000","75,399,000,000","70,417,000,000","67,586,000,000","64,743,000,000","62,020,000,000","63,372,000,000","63,020,000,000","60,787,000,000","55,771,000,000","58,332,000,000","56,676,000,000","61,516,000,000","54,039,000,000","59,878,000,000","55,409,000,000","55,887,000,000","53,353,000,000","60,927,000,000","55,009,000,000","53,464,000,000","51,981,000,000","52,516,000,000","54,895,000,000","51,389,000,000","59,499,000,000","48,359,000,000","48,543,000,000","47,088,000,000","45,947,000,000","44,439,000,000","44,917,000,000","45,522,000,000","40,997,000,000","42,418,000,000","44,449,000,000","40,846,000,000","38,855,000,000","39,817,000,000","39,163,000,000","37,802,000,000","36,572,000,000","37,966,000,000","35,114,000,000","33,931,000,000","33,216,000,000","33,503,000,000","30,376,000,000","33,009,000,000","31,486,000,000","29,684,000,000","31,740,000,000","28,771,000,000","26,939,000,000","25,733,000,000","25,065,000,000","24,816,000,000","25,327,000,000","24,444,000,000","26,424,000,000","25,622,000,000","23,722,000,000","23,617,000,000","23,090,000,000","22,531,000,000","28,846,000,000","20,969,000,000","21,059,000,000","20,583,000,000","19,150,000,000","17,539,000,000","19,698,000,000","15,974,000,000","15,661,000,000","15,102,000,000","17,378,000,000","16,082,000,000","14,884,000,000","16,302,000,000","15,650,000,000","11,061,000,000","8,845,000,000","10,318,000,000","8,965,000,000","8,357,000,000","7,968,000,000","9,240,000,000","10,305,000,000","9,351,000,000","7,131,000,000","10,693,000,000","7,010,000,000","5,439,000,000","5,169,000,000","6,036,000,000","6,382,000,000","4,596,000,000","4,564,000,000","2,800,000,000","2,361,000,000","2,121,000,000","2,236,000,000","2,459,400,000","1,833,000,000","1,940,600,000","1,677,000,000","2,207,600,000","1,649,300,000","1,651,400,000","1,583,200,000","195,600,000","255,500,000","234,000,000","168,100,000","1,270,500,000","172,900,000","172,500,000","182,000,000","872,800,000","148,700,000","154,600,000",,"215,100,000","151,100,000",,"176,400,000",,,,,"241,900,000","151,900,000","152,400,000","164,400,000",,,,,,,,
	LossAdjustmentExpense,"63,546,000,000","15,217,000,000","15,006,000,000","15,786,000,000","17,455,000,000","14,902,000,000","14,655,000,000","14,386,000,000","15,507,000,000","13,634,000,000","12,444,000,000","12,950,000,000","12,978,000,000","11,473,000,000","12,362,000,000","14,496,000,000","12,034,000,000","11,834,000,000","11,078,000,000","13,156,000,000","11,380,000,000","10,819,000,000","10,250,000,000","11,356,000,000","13,350,000,000","10,010,000,000","19,793,000,000","9,965,000,000","8,954,000,000","8,419,000,000","8,699,000,000","8,333,000,000","7,996,000,000","8,430,000,000","7,181,000,000","7,820,000,000","10,146,000,000","6,821,000,000","6,800,000,000","6,569,000,000","7,041,000,000","6,332,000,000","6,405,000,000","7,127,000,000","6,300,000,000","5,937,000,000","5,863,000,000","6,569,000,000","4,868,000,000","7,238,000,000","7,033,000,000","4,943,000,000","7,115,000,000","4,804,000,000","5,678,000,000","4,558,000,000","4,560,000,000","4,475,000,000","6,496,000,000","4,185,000,000","5,237,000,000","4,147,000,000","4,530,000,000","4,177,000,000","3,769,000,000","3,556,000,000","11,294,000,000","3,463,000,000","3,560,000,000","3,898,000,000","3,765,000,000","3,657,000,000","6,444,000,000","3,471,000,000","3,544,000,000","3,067,000,000","4,590,000,000","3,701,000,000","3,465,000,000","3,584,000,000","3,638,000,000","3,972,000,000","3,733,000,000","4,495,000,000","3,836,000,000","3,464,000,000","3,474,000,000","4,621,000,000","5,763,000,000","4,989,000,000","3,025,000,000","7,302,000,000","4,378,000,000","2,975,000,000","2,677,000,000","3,539,000,000","4,182,000,000","2,356,000,000","2,441,000,000","1,078,000,000","1,014,000,000","854,000,000","1,094,000,000","1,167,000,000","822,600,000","964,500,000","752,600,000","1,075,100,000","769,100,000","784,100,000","737,900,000",,,,,,,,,,,,,,,,,,,,,,,,,,,,,,,,
		NetPolicyholderBenefitsAndClaims,"63,546,000,000","15,217,000,000","15,006,000,000","15,786,000,000","17,455,000,000","14,902,000,000","14,655,000,000","14,386,000,000","15,507,000,000","13,634,000,000","12,444,000,000","12,950,000,000","12,978,000,000","11,473,000,000","12,362,000,000","14,496,000,000","12,034,000,000","11,834,000,000","11,078,000,000","13,156,000,000","11,380,000,000","10,819,000,000","10,250,000,000","11,356,000,000","13,350,000,000","10,010,000,000","19,793,000,000","9,965,000,000","8,954,000,000","8,419,000,000","8,699,000,000","8,333,000,000","7,996,000,000","8,430,000,000","7,181,000,000","7,820,000,000","10,146,000,000","6,821,000,000","6,800,000,000","6,569,000,000","7,041,000,000","6,332,000,000","6,405,000,000","7,127,000,000","6,300,000,000","5,937,000,000","5,863,000,000","6,569,000,000","4,868,000,000","7,238,000,000","7,033,000,000","4,943,000,000","7,115,000,000","4,804,000,000","5,678,000,000","4,558,000,000","4,560,000,000","4,475,000,000","6,496,000,000","4,185,000,000","5,237,000,000","4,147,000,000","4,530,000,000","4,177,000,000","3,769,000,000","3,556,000,000","11,294,000,000","3,463,000,000","3,560,000,000","3,898,000,000","3,765,000,000","3,657,000,000","6,444,000,000","3,471,000,000","3,544,000,000","3,067,000,000","4,590,000,000","3,701,000,000","3,465,000,000","3,584,000,000","3,638,000,000","3,972,000,000","3,733,000,000","4,495,000,000","3,836,000,000","3,464,000,000","3,474,000,000","4,621,000,000","5,763,000,000","4,989,000,000","3,025,000,000","7,302,000,000","4,378,000,000","2,975,000,000","2,677,000,000","3,539,000,000","4,182,000,000","2,356,000,000","2,441,000,000","1,078,000,000","1,014,000,000","854,000,000","1,094,000,000","1,167,000,000","822,600,000","964,500,000","752,600,000","1,075,100,000","769,100,000","784,100,000","737,900,000",,,,,,,,,,,,,,,,,,,,,,,,,,,,,,,,
	PolicyAcquisitionExpense,,,,,,,,,,,,,,,,,,,,,,,,,,,,,,,,,,,,,,,,,,,,,"16,992,000,000","16,821,000,000","15,596,000,000","15,744,000,000","15,281,000,000","14,955,000,000","19,431,000,000",,"14,439,000,000","14,192,000,000","12,906,000,000","13,947,000,000","13,614,000,000","13,128,000,000","11,958,000,000","611,000,000","1,102,000,000","1,524,000,000","1,397,000,000",,"1,499,000,000","1,420,000,000","1,293,000,000",,"1,372,000,000","1,361,000,000","1,246,000,000",,"1,132,000,000","1,147,000,000","1,295,000,000","1,251,000,000","1,090,000,000","1,129,000,000","1,241,000,000",,,,,,,,,,"885,000,000","797,000,000",,"5,987,000,000","841,000,000","796,000,000",,,"986,000,000","997,000,000","934,000,000",,"773,000,000","661,000,000","619,000,000","790,900,000","487,500,000","458,800,000","449,700,000","534,100,000","469,400,000","449,000,000","431,500,000",,"49,600,000","50,500,000",,,,,,,,,,,,,,,,,,,,,,,,,,,,,
	UnderwritingExpenses,"14,277,000,000","3,729,000,000","3,587,000,000","4,208,000,000","2,506,000,000","2,461,000,000","2,767,000,000","3,251,000,000","3,239,000,000","3,065,000,000","3,014,000,000","3,579,000,000","3,228,000,000","3,067,000,000","2,924,000,000","3,167,000,000","2,708,000,000","2,569,000,000","2,756,000,000","2,714,000,000","2,352,000,000","2,123,000,000","2,604,000,000","2,397,000,000","2,207,000,000","2,378,000,000","2,339,000,000","1,765,000,000","2,001,000,000","1,870,000,000","2,077,000,000","2,012,000,000","1,875,000,000","2,018,000,000","1,612,000,000","1,637,000,000","1,596,000,000","1,864,000,000","1,901,000,000","2,042,000,000","1,966,000,000","1,657,000,000","1,583,000,000","2,099,000,000","1,943,000,000","1,534,000,000","2,117,000,000","1,592,000,000","1,082,000,000","1,720,000,000","1,725,000,000","1,815,000,000","1,634,000,000","1,344,000,000","1,403,000,000","1,528,000,000","1,475,000,000","1,885,000,000","1,348,000,000","611,000,000","1,102,000,000","1,524,000,000","1,397,000,000","1,401,000,000","1,499,000,000","1,420,000,000","1,293,000,000","1,461,000,000","1,372,000,000","1,361,000,000","1,246,000,000","1,254,000,000","1,132,000,000","1,147,000,000","1,295,000,000","1,251,000,000","1,090,000,000","1,129,000,000","1,241,000,000","1,340,000,000","1,201,000,000","1,154,000,000","1,153,000,000","1,399,000,000","1,012,000,000","969,000,000","944,000,000","965,000,000","885,000,000","797,000,000","920,000,000","1,094,000,000","841,000,000","796,000,000","871,000,000","835,000,000","793,000,000","823,000,000","769,000,000","380,000,000","272,000,000","308,000,000","224,000,000","320,200,000","197,200,000","202,400,000","159,800,000","291,600,000","172,300,000","172,200,000","161,500,000",,,,,,,,,,,,,,,,,,,,,,,,,,,,,,,,
	SellingGeneralAndAdministration,"27,854,000,000","6,462,000,000","7,079,000,000","8,827,000,000","5,486,000,000","5,260,000,000","5,483,000,000","6,220,000,000","6,005,000,000","6,027,000,000","4,792,000,000","6,420,000,000","6,035,000,000","5,401,000,000","5,473,000,000","6,650,000,000","5,394,000,000","5,829,000,000","5,452,000,000","8,592,000,000","4,548,000,000","4,668,000,000","4,491,000,000","4,638,000,000","4,496,000,000","4,489,000,000","4,558,000,000","5,169,000,000","4,424,000,000","4,509,000,000","4,115,000,000","3,956,000,000","4,130,000,000","3,780,000,000","3,443,000,000","3,732,000,000","3,384,000,000","3,389,000,000","3,265,000,000","3,228,000,000","2,909,000,000","2,926,000,000","2,854,000,000","3,026,000,000","2,573,000,000","2,476,000,000","2,428,000,000","2,408,000,000","2,105,000,000","2,122,000,000","2,035,000,000","2,054,000,000","1,896,000,000","1,915,000,000","1,839,000,000","2,066,000,000","2,015,000,000","2,073,000,000","1,963,000,000","2,282,000,000","1,861,000,000","2,049,000,000","1,860,000,000","1,964,000,000","1,732,000,000","1,761,000,000","1,641,000,000","1,554,000,000","1,560,000,000","1,440,000,000","1,378,000,000","1,506,000,000","1,289,000,000","1,242,000,000","1,291,000,000","1,335,000,000","1,231,000,000","1,241,000,000","1,182,000,000","1,088,000,000","1,230,000,000","1,017,000,000","893,000,000","967,000,000","809,000,000","904,000,000","930,000,000","755,000,000","759,000,000","756,000,000","730,000,000","534,000,000","413,000,000","378,000,000","378,000,000","359,000,000","267,000,000","269,000,000","269,000,000","312,000,000","248,000,000","247,000,000","249,000,000","132,700,000","276,100,000","266,900,000","266,100,000","270,800,000","196,900,000","203,700,000","210,900,000","258,900,000","192,000,000","170,100,000","154,900,000","1,217,400,000","150,800,000","149,000,000","158,000,000","799,400,000","127,700,000","136,100,000",,"141,500,000","121,100,000",,"139,000,000",,,,,"154,600,000","123,800,000","124,200,000","138,500,000",,,,,,,,
		GeneralAndAdministrativeExpense,"5,754,000,000","1,457,000,000","1,477,000,000","1,402,000,000","1,418,000,000","1,498,000,000","1,232,000,000","1,221,000,000","1,116,000,000","982,000,000","882,000,000","915,000,000","854,000,000","749,000,000","1,002,000,000","973,000,000","1,010,000,000","1,000,000,000","1,020,000,000",,,,,,,,,,,,,,,,,,,,,,,,,,,,,,,,,,,,,,,,,"2,282,000,000","1,861,000,000","2,049,000,000","1,860,000,000","1,964,000,000","1,732,000,000","1,761,000,000","1,641,000,000","1,554,000,000","1,560,000,000","1,440,000,000","1,378,000,000",,"1,289,000,000","1,242,000,000","1,291,000,000","1,335,000,000","1,231,000,000","1,241,000,000","1,182,000,000",,"1,230,000,000","1,017,000,000","893,000,000",,"809,000,000","128,000,000","172,000,000",,"759,000,000","756,000,000","730,000,000","534,000,000","413,000,000","378,000,000","378,000,000",,,,,,,,,,,,,,,,,,"192,000,000",,"154,900,000",,,,,,,,,,,,,,,,,,,,,,,,,,,,
			SalariesAndWages,,,,,,,,,,,,,,,,,,,,,,,,,,,,,,,,,,,,,,,,,,,,,,,,,,,,,,,,,,,,"2,282,000,000","1,861,000,000","2,049,000,000","1,860,000,000","1,964,000,000","1,732,000,000","1,761,000,000","1,641,000,000","1,554,000,000","1,560,000,000","1,440,000,000","1,378,000,000",,"1,289,000,000","1,242,000,000","1,291,000,000","1,335,000,000","1,231,000,000","1,241,000,000","1,182,000,000",,"1,230,000,000","1,017,000,000","893,000,000",,"809,000,000","776,000,000","758,000,000",,"759,000,000","756,000,000","730,000,000","534,000,000","413,000,000","378,000,000","378,000,000",,,,,,,,,,,,,,,,,,"192,000,000",,"154,900,000",,,,,,,,,,,,,,,,,,,,,,,,,,,,
			OtherGandA,"5,754,000,000","1,457,000,000","1,477,000,000","1,402,000,000","1,418,000,000","1,498,000,000","1,232,000,000","1,221,000,000","1,116,000,000","982,000,000","882,000,000","915,000,000","854,000,000","749,000,000","1,002,000,000","973,000,000","1,010,000,000","1,000,000,000","1,020,000,000",,,,,,,,,,,,,,,,,,,,,,,,,,,,,,,,,,,,,,,,,,,,,,,,,,,,,,,,,,,,,,,,,,,"128,000,000","172,000,000",,,,,,,,,,,,,,,,,,,,,,,,,,,,,,,,,,,,,,,,,,,,,,,,,,,,,,,,
		SellingAndMarketingExpense,"22,100,000,000","5,005,000,000","5,602,000,000","7,425,000,000","4,068,000,000","3,762,000,000","4,251,000,000","4,999,000,000","4,889,000,000","5,045,000,000","3,910,000,000","5,505,000,000","5,181,000,000","4,652,000,000","4,471,000,000","5,677,000,000","4,384,000,000","4,829,000,000","4,432,000,000","4,531,000,000","4,548,000,000","4,668,000,000","4,491,000,000","4,638,000,000","4,496,000,000","4,489,000,000","4,558,000,000","5,169,000,000","4,424,000,000","4,509,000,000","4,115,000,000","3,956,000,000","4,130,000,000","3,780,000,000","3,443,000,000","3,732,000,000","3,384,000,000","3,389,000,000","3,265,000,000","3,228,000,000","2,909,000,000","2,926,000,000","2,854,000,000",,,,,,,,,,,,,,,,,,,,,,,,,,,,,,,,,,,,,,,,,,,"776,000,000","758,000,000",,,,,,,,,,,,,,,,,,,,,,,,,,,,,,,,,,,,,,,,,,,,,,,,,,,,,,,,
	DepreciationAndAmortizationInIncomeStatement,,,,,,,,,,,,,,,,,,,,,,,,,,,,,,,,,,,,,,,,,,,,,,,,,,,,,,,,,,,,,,,,,,,,,,,,,,,,,,,,,,,,"0","0","0","0","141,000,000","145,000,000","144,000,000","142,000,000","346,000,000","124,000,000","123,000,000","122,000,000","121,000,000","119,000,000","119,000,000","118,000,000","38,000,000","26,000,000","24,000,000","23,000,000","20,700,000","21,000,000","20,700,000","20,700,000","16,000,000","15,100,000","15,500,000","15,100,000",,,,,,,,,,,,,,,,,,,,,,,,,,,,,,,,
		Amortization,,,,,,,,,,,,,,,,,,,,,,,,,,,,,,,,,,,,,,,,,,,,,,,,,,,,,,,,,,,,,,,,,,,,,,,,,,,,,,,,,,,,"0","0","0","0","141,000,000","145,000,000","144,000,000","142,000,000","346,000,000","124,000,000","123,000,000","122,000,000","121,000,000","119,000,000","119,000,000","118,000,000","38,000,000","26,000,000","24,000,000","23,000,000","20,700,000","21,000,000","20,700,000","20,700,000","16,000,000","15,100,000","15,500,000","15,100,000",,,,,,,,,,,,,,,,,,,,,,,,,,,,,,,,
	NetNonOperatingInterestIncomeExpense,"-4,698,000,000","-1,249,000,000","-1,218,000,000","-1,139,000,000","-1,092,000,000","-1,087,000,000","-1,034,000,000","-990,000,000","-1,056,000,000","-1,076,000,000","-1,050,000,000","-1,057,000,000","-1,000,000,000","-1,002,000,000","-1,024,000,000","-993,000,000","-985,000,000","-992,000,000","-991,000,000","-1,244,000,000","-896,000,000","-521,000,000","-1,192,000,000","-1,594,000,000","-1,233,000,000","-1,500,000,000","-1,067,000,000","-554,000,000","-1,043,000,000","-727,000,000","-1,173,000,000","-808,000,000","-865,000,000","-967,000,000","-875,000,000","-830,000,000","-817,000,000","-824,000,000","-782,000,000","-718,000,000","-706,000,000","-691,000,000","-686,000,000","-665,000,000","-692,000,000","-696,000,000","-691,000,000","-675,000,000","-669,000,000","-662,000,000","-658,000,000","-660,000,000","-668,000,000","-637,000,000","-593,000,000","-500,000,000","-494,000,000","-510,000,000","-488,000,000","-480,000,000","-514,000,000","-493,000,000","-476,000,000","-497,000,000","-481,000,000","-469,000,000","-463,000,000","-453,000,000","-463,000,000","-446,000,000","-362,000,000","-169,000,000","-193,000,000","-195,000,000","-166,000,000","-131,000,000","-112,000,000","-245,000,000","-233,000,000","-118,000,000","-98,000,000","-124,000,000","-132,000,000","-180,000,000","-176,000,000","-49,000,000","-46,000,000","-49,000,000","-43,000,000","-57,000,000","-60,000,000","-39,000,000","-38,000,000","-34,000,000","-33,000,000","-34,000,000","-35,000,000","-32,000,000","-33,000,000","-27,000,000","-28,000,000","-27,000,000","-27,000,000","-27,900,000","-28,600,000","-27,300,000","-28,100,000","-20,000,000","-26,500,000","-26,900,000","-26,300,000","-18,700,000","-13,900,000","-13,400,000","-13,200,000","9,400,000","-22,100,000","-23,500,000","-24,000,000","-23,200,000","-21,000,000","-18,500,000",,"-32,500,000","-30,000,000",,"-37,400,000",,,,,"-30,600,000","-28,100,000","-28,200,000","-25,900,000",,,,,,,,
		InterestExpenseNonOperating,"4,698,000,000","1,249,000,000","1,218,000,000","1,139,000,000","1,092,000,000","1,087,000,000","1,034,000,000","990,000,000","1,056,000,000","1,076,000,000","1,050,000,000","1,057,000,000","1,000,000,000","1,002,000,000","1,024,000,000","993,000,000","985,000,000","992,000,000","991,000,000","1,244,000,000","896,000,000","521,000,000","1,192,000,000","1,594,000,000","1,233,000,000","1,500,000,000","1,067,000,000","554,000,000","1,043,000,000","727,000,000","1,173,000,000","808,000,000","865,000,000","967,000,000","875,000,000","830,000,000","817,000,000","824,000,000","782,000,000","718,000,000","706,000,000","691,000,000","686,000,000","665,000,000","692,000,000","696,000,000","691,000,000","675,000,000","669,000,000","662,000,000","658,000,000","660,000,000","668,000,000","637,000,000","593,000,000","500,000,000","494,000,000","510,000,000","488,000,000","480,000,000","514,000,000","493,000,000","476,000,000","497,000,000","481,000,000","469,000,000","463,000,000","453,000,000","463,000,000","446,000,000","362,000,000","169,000,000","193,000,000","195,000,000","166,000,000","131,000,000","112,000,000","245,000,000","233,000,000","118,000,000","98,000,000","124,000,000","132,000,000","180,000,000","176,000,000","49,000,000","46,000,000","49,000,000","43,000,000","57,000,000","60,000,000","39,000,000","38,000,000","34,000,000","33,000,000","34,000,000","35,000,000","32,000,000","33,000,000","27,000,000","28,000,000","27,000,000","27,000,000","27,900,000","28,600,000","27,300,000","28,100,000","20,000,000","26,500,000","26,900,000","26,300,000","18,700,000","13,900,000","13,400,000","13,200,000","-9,400,000","22,100,000","23,500,000","24,000,000","23,200,000","21,000,000","18,500,000",,"32,500,000","30,000,000",,"37,400,000",,,,,"30,600,000","28,100,000","28,200,000","25,900,000",,,,,,,,
	IncomefromAssociatesandOtherParticipatingInterests,"2,519,000,000","511,000,000","688,000,000","815,000,000","441,000,000","231,000,000","376,000,000","220,000,000","377,000,000","147,000,000","251,000,000","393,000,000","290,000,000","-257,000,000","300,000,000","240,000,000","644,000,000","124,000,000","168,000,000","-3,211,000,000","316,000,000","327,000,000","401,000,000","2,138,000,000","252,000,000","309,000,000","239,000,000",,,,,,,,,,,,,,,,,,,,,,,,,,,,,,,,,,,,,,,,,"0","0","0","0","141,000,000","141,000,000","100,000,000","141,000,000","166,000,000","-138,000,000","71,000,000","138,000,000","99,000,000","112,000,000","90,000,000","109,000,000","61,000,000","113,000,000","110,000,000","69,000,000","29,000,000","51,000,000","38,000,000","47,000,000","38,000,000","40,000,000",,,,,,,,,,,,,,,,,,,,,,,,,,,,,,,,,,,,,,,,,,,,,,,,,,
	SpecialIncomeCharges,,,,,,,,"0","0","0",,"-12,000,000","-25,000,000","-10,634,000,000",,,,,,,,,,,,,,,,,,,,,,,,,,,,,,,,,,,,,,,,,,,,,,,,,,,,,,,,,"-1,246,000,000",,"-1,132,000,000",,,,,,,,,,,,,,,,,,,,,,,,,,,,,,,,,,,,,,,,,,,,,,,,,,,,,,,,,,,,,,,,,,,,,,
		ImpairmentOfCapitalAssets,,,,,,,,"0","0","0",,"12,000,000","25,000,000","10,634,000,000",,,,,,,,,,,,,,,,,,,,,,,,,,,,,,,,,,,,,,,,,,,,,,,,,,,,,,,,,,,,,,,,,,,,,,,,,,,,,,,,,,,,,,,,,,,,,,,,,,,,,,,,,,,,,,,,,,,,,,,,,,,,,,,,,
	OtherOperatingExpenses,"185,940,000,000","53,983,000,000","49,197,000,000","41,272,000,000","41,488,000,000","41,264,000,000","38,457,000,000","38,745,000,000","37,590,000,000","37,132,000,000","34,722,000,000","34,707,000,000","33,700,000,000","29,682,000,000","32,556,000,000","34,812,000,000","34,932,000,000","34,787,000,000","33,244,000,000","32,010,000,000","36,149,000,000","35,660,000,000","33,845,000,000","34,669,000,000","33,861,000,000","33,321,000,000","31,981,000,000","31,829,000,000","32,121,000,000","31,563,000,000","29,883,000,000","29,330,000,000","30,051,000,000","30,327,000,000","27,886,000,000","28,399,000,000","28,506,000,000","27,948,000,000","26,107,000,000","27,260,000,000","26,541,000,000","26,196,000,000","25,044,000,000","25,049,000,000","23,606,000,000","23,288,000,000","22,117,000,000","22,259,000,000","21,652,000,000","21,267,000,000","20,035,000,000","20,212,000,000","20,427,000,000","20,071,000,000","17,426,000,000","17,081,000,000","16,521,000,000","15,873,000,000","15,032,000,000","16,886,000,000","17,710,000,000","17,409,000,000","15,459,000,000","15,578,000,000","15,609,000,000","15,325,000,000","14,155,000,000","14,038,000,000","14,104,000,000","13,438,000,000","12,399,000,000","11,094,000,000","10,781,000,000","10,019,000,000","9,506,000,000","9,484,000,000","10,217,000,000","9,837,000,000","8,901,000,000","10,271,000,000","9,595,000,000","4,884,000,000","3,043,000,000","3,338,000,000","3,245,000,000","3,081,000,000","2,643,000,000","2,738,000,000","2,761,000,000","2,646,000,000","2,301,000,000","1,416,000,000","1,256,000,000","1,133,000,000","1,088,000,000","1,148,000,000","986,000,000","997,000,000","934,000,000","965,000,000","773,000,000","661,000,000","619,000,000","790,900,000","487,500,000","458,800,000","449,700,000","534,100,000","469,400,000","449,000,000","431,500,000",,,,,,,,,,,,,,,,,,,,,,,,,,,,,,,,
PretaxIncome,"107,962,000,000","45,435,000,000","44,752,000,000","22,211,000,000","-4,117,000,000","-55,482,000,000","6,812,000,000","48,953,000,000","12,484,000,000","35,721,000,000","14,528,000,000","45,403,000,000","37,930,000,000","35,409,000,000","-63,049,000,000","36,801,000,000","20,489,000,000","17,759,000,000","27,647,000,000","-32,721,000,000","23,147,000,000","15,098,000,000","-1,523,000,000","6,391,000,000","5,630,000,000","6,129,000,000","5,688,000,000","9,314,000,000","10,525,000,000","7,372,000,000","6,456,000,000","7,381,000,000","14,072,000,000","5,846,000,000","7,647,000,000","5,841,000,000","6,750,000,000","8,916,000,000","6,598,000,000","7,232,000,000","7,378,000,000","6,891,000,000","7,295,000,000","6,754,000,000","5,936,000,000","4,615,000,000","4,931,000,000","4,452,000,000","3,363,000,000","5,265,000,000","2,234,000,000","6,481,000,000","4,534,000,000","2,938,000,000","5,098,000,000","4,465,000,000","4,839,000,000","4,791,000,000","-2,543,000,000","148,000,000","1,502,000,000","4,471,000,000","1,453,000,000","4,426,000,000","6,847,000,000","4,816,000,000","4,072,000,000","5,262,000,000","4,301,000,000","3,602,000,000","3,613,000,000","7,829,000,000","835,000,000","2,154,000,000","1,973,000,000","4,928,000,000","1,794,000,000","1,914,000,000","2,300,000,000","3,553,000,000","2,582,000,000","3,335,000,000","2,578,000,000","1,826,000,000","1,672,000,000","1,547,000,000","1,390,000,000","291,000,000","-1,046,000,000","1,267,000,000","957,000,000","1,792,000,000","1,376,000,000","1,114,000,000","1,305,000,000","34,000,000","669,000,000","865,000,000","882,000,000","862,000,000","548,000,000","1,815,000,000","1,089,000,000","1,492,500,000","539,700,000","397,600,000","397,800,000","520,000,000","366,000,000","263,400,000","2,556,500,000","0","0","0","0","0","0","0","0","0","0","0",,"0","0","0","0",,,,,"0","0","0","0",,,,,,,,
TaxProvision,"20,527,000,000","9,236,000,000","8,995,000,000","3,890,000,000","-1,529,000,000","-12,106,000,000","1,227,000,000","9,055,000,000","1,840,000,000","7,296,000,000","2,688,000,000","9,273,000,000","7,517,000,000","9,002,000,000","-13,352,000,000","7,571,000,000","3,832,000,000","3,586,000,000","5,915,000,000","-7,330,000,000","4,440,000,000","3,021,000,000","-452,000,000","-26,265,000,000","1,427,000,000","1,774,000,000","1,549,000,000","2,959,000,000","3,192,000,000","2,290,000,000","799,000,000","1,834,000,000","4,545,000,000","1,739,000,000","2,414,000,000","1,623,000,000","2,029,000,000","2,458,000,000","1,825,000,000","2,169,000,000","2,225,000,000","2,279,000,000","2,278,000,000","2,093,000,000","1,882,000,000","1,384,000,000","1,565,000,000","1,261,000,000","953,000,000","1,725,000,000","629,000,000","2,008,000,000","1,415,000,000","848,000,000","1,336,000,000","1,431,000,000","1,601,000,000","1,520,000,000","-1,014,000,000","-167,000,000","294,000,000","1,443,000,000","408,000,000","1,392,000,000","2,197,000,000","1,617,000,000","1,388,000,000","1,604,000,000","1,451,000,000","1,208,000,000","1,242,000,000","2,636,000,000","232,000,000","691,000,000","600,000,000","1,570,000,000","649,000,000","617,000,000","733,000,000","1,156,000,000","766,000,000","1,078,000,000","833,000,000","650,000,000","539,000,000","485,000,000","460,000,000","169,000,000","-361,000,000","473,000,000","339,000,000","680,000,000","479,000,000","395,000,000","464,000,000","-3,000,000","237,000,000","291,000,000","327,000,000","291,000,000","179,000,000","624,000,000","363,000,000","502,700,000","169,300,000","116,100,000","109,600,000","151,400,000","98,200,000","69,100,000","878,100,000","114,700,000","57,500,000","66,300,000","31,900,000","28,100,000","29,700,000","60,300,000","40,700,000","252,200,000","101,100,000","35,300,000",,"98,600,000","-600,000","26,800,000","13,300,000",,,,,"37,200,000","25,900,000","26,500,000","22,400,000",,,,,,,,
EarningsFromEquityInterestNetOfTax,,,,,,,,,,,,,,,,,,,,,,,,,,,,,,,,,,,,,,,,,,,,,,,,"0","0","0","0","0","0","0","50,000,000","120,000,000","111,000,000","113,000,000","83,000,000",,,,,,"-97,000,000","-81,000,000","-89,000,000",,"-78,000,000","-47,000,000","-58,000,000",,"-17,000,000","-14,000,000","-10,000,000","-19,000,000","-8,000,000","-15,000,000","-17,000,000",,"-10,000,000","-28,000,000","-15,000,000",,"8,000,000","-17,000,000","-14,000,000",,"6,000,000","-21,000,000","-12,000,000","-28,000,000","-100,000,000","-79,000,000","-34,000,000",,,,,,,,,,,,,,,,,"367,600,000","230,000,000","245,900,000","152,100,000","119,500,000","135,500,000","224,900,000","173,600,000","775,800,000","123,900,000","147,300,000",,"302,100,000","37,700,000","124,800,000","80,700,000",,,,,"162,700,000","116,100,000","120,500,000","106,900,000",,,,,,,,
NetIncomeCommonStockholders,"86,638,000,000","35,912,000,000","35,504,000,000","18,164,000,000","-2,688,000,000","-43,755,000,000","5,460,000,000","39,646,000,000","10,344,000,000","28,094,000,000","11,711,000,000","35,835,000,000","30,137,000,000","26,295,000,000","-49,746,000,000","29,159,000,000","16,524,000,000","14,073,000,000","21,661,000,000","-25,392,000,000","18,540,000,000","12,011,000,000","-1,138,000,000","32,551,000,000","4,067,000,000","4,262,000,000","4,060,000,000","6,286,000,000","7,198,000,000","5,001,000,000","5,589,000,000","5,478,000,000","9,428,000,000","4,013,000,000","5,164,000,000","4,155,000,000","4,617,000,000","6,395,000,000","4,705,000,000","4,990,000,000","5,053,000,000","4,541,000,000","4,892,000,000","4,551,000,000","3,920,000,000","3,108,000,000","3,245,000,000","3,048,000,000","2,278,000,000","3,417,000,000","1,511,000,000","4,377,000,000","2,989,000,000","1,968,000,000","3,633,000,000","3,056,000,000","3,238,000,000","3,295,000,000","-1,534,000,000","117,000,000","1,057,000,000","2,880,000,000","940,000,000","2,947,000,000","4,553,000,000","3,118,000,000","2,595,000,000","3,583,000,000","2,772,000,000","2,347,000,000","2,313,000,000","5,130,000,000","586,000,000","1,449,000,000","1,363,000,000","3,339,000,000","1,137,000,000","1,282,000,000","1,550,000,000","2,386,000,000","1,806,000,000","2,229,000,000","1,730,000,000","1,184,000,000","1,141,000,000","1,045,000,000","916,000,000","95,000,000","-679,000,000","773,000,000","606,000,000","1,084,000,000","797,000,000","640,000,000","807,000,000","24,000,000","420,000,000","572,000,000","541,000,000","567,000,000","365,000,000","1,176,000,000","722,000,000","972,800,000","366,600,000","277,800,000","284,400,000","364,700,000","264,000,000","191,200,000","1,668,700,000","252,900,000","172,500,000","179,600,000","120,200,000","91,400,000","105,800,000","164,600,000","132,900,000","523,600,000","22,800,000","112,000,000","29,700,000","203,500,000","38,300,000","98,000,000","67,400,000","109,900,000","110,000,000","110,000,000","110,000,000","125,500,000","90,200,000","94,000,000","84,500,000","111,400,000","121,700,000","87,400,000","127,100,000","121,300,000","84,500,000","94,400,000","99,100,000"
	NetIncome,"86,638,000,000","35,912,000,000","35,504,000,000","18,164,000,000","-2,688,000,000","-43,755,000,000","5,460,000,000","39,646,000,000","10,344,000,000","28,094,000,000","11,711,000,000","35,835,000,000","30,137,000,000","26,295,000,000","-49,746,000,000","29,159,000,000","16,524,000,000","14,073,000,000","21,661,000,000","-25,392,000,000","18,540,000,000","12,011,000,000","-1,138,000,000","32,551,000,000","4,067,000,000","4,262,000,000","4,060,000,000","6,286,000,000","7,198,000,000","5,001,000,000","5,589,000,000","5,478,000,000","9,428,000,000","4,013,000,000","5,164,000,000","4,155,000,000","4,617,000,000","6,395,000,000","4,705,000,000","4,990,000,000","5,053,000,000","4,541,000,000","4,892,000,000","4,551,000,000","3,920,000,000","3,108,000,000","3,245,000,000","3,048,000,000","2,278,000,000","3,417,000,000","1,511,000,000","4,377,000,000","2,989,000,000","1,968,000,000","3,633,000,000","3,056,000,000","3,238,000,000","3,295,000,000","-1,534,000,000","117,000,000","1,057,000,000","2,880,000,000","940,000,000","2,947,000,000","4,553,000,000","3,118,000,000","2,595,000,000","3,583,000,000","2,772,000,000","2,347,000,000","2,313,000,000","5,130,000,000","586,000,000","1,449,000,000","1,363,000,000","3,339,000,000","1,137,000,000","1,282,000,000","1,550,000,000","2,386,000,000","1,806,000,000","2,229,000,000","1,730,000,000","1,184,000,000","1,141,000,000","1,045,000,000","916,000,000","95,000,000","-679,000,000","773,000,000","606,000,000","1,084,000,000","797,000,000","640,000,000","807,000,000","24,000,000","420,000,000","572,000,000","541,000,000","567,000,000","365,000,000","1,176,000,000","722,000,000","972,800,000","366,600,000","277,800,000","284,400,000","364,700,000","264,000,000","191,200,000","1,668,700,000","252,900,000","172,500,000","179,600,000","120,200,000","91,400,000","105,800,000","164,600,000","132,900,000","523,600,000","22,800,000","112,000,000","29,700,000","203,500,000","38,300,000","98,000,000","67,400,000","109,900,000","110,000,000","110,000,000","110,000,000","125,500,000","90,200,000","94,000,000","84,500,000","111,400,000","121,700,000","87,400,000","127,100,000","121,300,000","84,500,000","94,400,000","99,100,000"
		NetIncomeIncludingNoncontrollingInterests,"87,435,000,000","36,199,000,000","35,757,000,000","18,321,000,000","-2,588,000,000","-43,376,000,000","5,585,000,000","39,898,000,000","10,644,000,000","28,425,000,000","11,840,000,000","36,130,000,000","30,413,000,000","26,407,000,000","-49,697,000,000","29,230,000,000","16,657,000,000","14,173,000,000","21,732,000,000","-25,391,000,000","18,707,000,000","12,077,000,000","-1,071,000,000","32,656,000,000","4,203,000,000","4,355,000,000","4,139,000,000","6,355,000,000","7,333,000,000","5,082,000,000","5,657,000,000","5,547,000,000","9,527,000,000","4,107,000,000","5,233,000,000","4,218,000,000","4,721,000,000","6,458,000,000","4,773,000,000","5,063,000,000","5,153,000,000","4,612,000,000","5,017,000,000","4,661,000,000","4,054,000,000","3,231,000,000","3,366,000,000","3,191,000,000","2,410,000,000","3,540,000,000","1,605,000,000","4,473,000,000","3,119,000,000","2,090,000,000","3,812,000,000","3,154,000,000","3,349,000,000","3,384,000,000","-1,446,000,000","315,000,000","1,208,000,000","3,028,000,000","1,045,000,000","3,034,000,000","4,650,000,000","3,199,000,000","2,684,000,000","3,658,000,000","2,850,000,000","2,394,000,000","2,371,000,000","5,193,000,000","603,000,000","1,463,000,000","1,373,000,000","3,358,000,000","1,145,000,000","1,297,000,000","1,567,000,000","2,397,000,000","1,816,000,000","2,257,000,000","1,745,000,000","1,176,000,000","1,133,000,000","1,062,000,000","930,000,000","122,000,000","-685,000,000","794,000,000","618,000,000","1,112,000,000","897,000,000","719,000,000","841,000,000","37,000,000","432,000,000","574,000,000","555,000,000","571,000,000","369,000,000","1,191,000,000","726,000,000","989,800,000","370,400,000","281,500,000","288,200,000","368,600,000","267,800,000","194,300,000","1,678,400,000","250,000,000","169,700,000","175,300,000","116,900,000","90,200,000","103,200,000","162,000,000","130,600,000","519,900,000","21,000,000","110,000,000","29,700,000","204,500,000","36,200,000","95,800,000","65,500,000","98,900,000","110,000,000","110,000,000","110,000,000","122,300,000","87,900,000","91,500,000","82,200,000","111,400,000","121,700,000","87,400,000","127,100,000","121,300,000","84,500,000","94,400,000","99,100,000"
			NetIncomeContinuousOperations,"87,435,000,000","36,199,000,000","35,757,000,000","18,321,000,000","-2,588,000,000","-43,376,000,000","5,585,000,000","39,898,000,000","10,644,000,000","28,425,000,000","11,840,000,000","36,130,000,000","30,413,000,000","26,407,000,000","-49,697,000,000","29,230,000,000","16,657,000,000","14,173,000,000","21,732,000,000","-25,391,000,000","18,707,000,000","12,077,000,000","-1,071,000,000","32,656,000,000","4,203,000,000","4,355,000,000","4,139,000,000","6,355,000,000","7,333,000,000","5,082,000,000","5,657,000,000","5,547,000,000","9,527,000,000","4,107,000,000","5,233,000,000","4,218,000,000","4,721,000,000","6,458,000,000","4,773,000,000","5,063,000,000","5,153,000,000","4,612,000,000","5,017,000,000","4,661,000,000","4,054,000,000","3,231,000,000","3,366,000,000","3,191,000,000","2,410,000,000","3,540,000,000","1,605,000,000","4,473,000,000","3,119,000,000","2,090,000,000","3,812,000,000","3,154,000,000","3,349,000,000","3,384,000,000","-1,446,000,000","315,000,000","1,208,000,000","3,028,000,000","1,045,000,000","3,034,000,000","4,650,000,000","3,199,000,000","2,684,000,000","3,658,000,000","2,850,000,000","2,394,000,000","2,371,000,000","5,193,000,000","603,000,000","1,463,000,000","1,373,000,000","3,358,000,000","1,145,000,000","1,297,000,000","1,567,000,000","2,397,000,000","1,816,000,000","2,257,000,000","1,745,000,000","1,176,000,000","1,133,000,000","1,062,000,000","930,000,000","122,000,000","-685,000,000","794,000,000","618,000,000","1,112,000,000","897,000,000","719,000,000","841,000,000","37,000,000","432,000,000","574,000,000","555,000,000","571,000,000","369,000,000","1,191,000,000","726,000,000","989,800,000","370,400,000","281,500,000","288,200,000","368,600,000","267,800,000","194,300,000","1,678,400,000","252,900,000","172,500,000","179,600,000","120,200,000","91,400,000","105,800,000","164,600,000","132,900,000","523,600,000","22,800,000","112,000,000","84,100,000","203,500,000","38,300,000","98,000,000","67,400,000","109,900,000","110,000,000","110,000,000","110,000,000","125,500,000","90,200,000","94,000,000","84,500,000","111,400,000","121,700,000","87,400,000","127,100,000","121,300,000","84,500,000","94,400,000","99,100,000"
			NetIncomeExtraordinary,,,,,,,,,,,,,,,,,,,,,,,,,,,,,,,,,,,,,,,,,,,,,,,,,,,,,,,,,,,,,,,,,,,,,,,,,,,,,,,,,,,,,,,,,,,,,,,,,,,,,,,,,,,,,,,,,,,,,,,,"0",,,"-71,000,000",,,,,,,,,,,,,,,,,,,,
			NetIncomeFromTaxLossCarryforward,,,,,,,,,,,,,,,,,,,,,,,,,,,,,,,,,,,,,,,,,,,,,,,,,,,,,,,,,,,,,,,,,,,,,,,,,,,,,,,,,,,,,,,,,,,,,,,,,,,,,,,,,,,,,,,,,,,,,,,,,,,"16,600,000",,,,,,,,,,,,,,,,,,,,
		MinorityInterests,"-797,000,000","-287,000,000","-253,000,000","-157,000,000","-100,000,000","-379,000,000","-125,000,000","-252,000,000","-300,000,000","-331,000,000","-129,000,000","-295,000,000","-276,000,000","-112,000,000","-49,000,000","-71,000,000","-133,000,000","-100,000,000","-71,000,000","-1,000,000","-167,000,000","-66,000,000","-67,000,000","-105,000,000","-136,000,000","-93,000,000","-79,000,000","-69,000,000","-135,000,000","-81,000,000","-68,000,000","-69,000,000","-99,000,000","-94,000,000","-69,000,000","-63,000,000","-104,000,000","-63,000,000","-68,000,000","-73,000,000","-100,000,000","-71,000,000","-125,000,000","-110,000,000","-134,000,000","-123,000,000","-121,000,000","-143,000,000","-132,000,000","-123,000,000","-94,000,000","-96,000,000","-130,000,000","-122,000,000","-179,000,000","-98,000,000","-111,000,000","-89,000,000","-88,000,000","-198,000,000","-151,000,000","-148,000,000","-105,000,000","-87,000,000","-97,000,000","-81,000,000","-89,000,000","-75,000,000","-78,000,000","-47,000,000","-58,000,000","-63,000,000","-17,000,000","-14,000,000","-10,000,000","-19,000,000","-8,000,000","-15,000,000","-17,000,000","-11,000,000","-10,000,000","-28,000,000","-15,000,000","8,000,000","8,000,000","-17,000,000","-14,000,000","-27,000,000","6,000,000","-21,000,000","-12,000,000","-28,000,000","-100,000,000","-79,000,000","-34,000,000","-13,000,000","-12,000,000","-2,000,000","-14,000,000","-4,000,000","-4,000,000","-15,000,000","-4,000,000","-17,000,000","-3,800,000","-3,700,000","-3,800,000","-3,900,000","-3,800,000","-3,100,000","-9,700,000","2,900,000","2,800,000","4,300,000","3,300,000","1,200,000","2,600,000","2,600,000","2,300,000","3,700,000","1,800,000","2,000,000",,"-1,000,000","2,100,000","2,200,000","1,900,000",,,,,"3,200,000","2,300,000","2,500,000","2,300,000",,,,,,,,
DilutedNIAvailtoComStockholders,"86,638,000,000","35,912,000,000","35,504,000,000","18,164,000,000","-2,688,000,000","-43,755,000,000","5,460,000,000","39,646,000,000","10,344,000,000","28,094,000,000","11,711,000,000","35,835,000,000","30,137,000,000","26,295,000,000","-49,746,000,000","29,159,000,000","16,524,000,000","14,073,000,000","21,661,000,000","-25,392,000,000","18,540,000,000","12,011,000,000","-1,138,000,000","32,551,000,000","4,067,000,000","4,262,000,000","4,060,000,000","6,286,000,000","7,198,000,000","5,001,000,000","5,589,000,000","5,478,000,000","9,428,000,000","4,013,000,000","5,164,000,000","4,155,000,000","4,617,000,000","6,395,000,000","4,705,000,000","4,990,000,000","5,053,000,000","4,541,000,000","4,892,000,000","4,551,000,000","3,920,000,000","3,108,000,000","3,245,000,000","3,048,000,000","2,278,000,000","3,417,000,000","1,511,000,000","4,377,000,000","2,989,000,000","1,968,000,000","3,633,000,000","3,056,000,000","3,238,000,000","3,295,000,000","-1,534,000,000","117,000,000","1,057,000,000","2,880,000,000","940,000,000","2,947,000,000","4,553,000,000","3,118,000,000","2,595,000,000","3,583,000,000","2,772,000,000","2,347,000,000","2,313,000,000","5,130,000,000","586,000,000","1,449,000,000","1,363,000,000","3,339,000,000","1,137,000,000","1,282,000,000","1,550,000,000","2,386,000,000","1,806,000,000","2,229,000,000","1,730,000,000","1,184,000,000","1,141,000,000","1,045,000,000","916,000,000","95,000,000","-679,000,000","773,000,000","606,000,000","1,084,000,000","797,000,000","640,000,000","807,000,000","24,000,000","420,000,000","572,000,000","541,000,000","567,000,000","365,000,000","1,176,000,000","722,000,000","972,800,000","366,600,000","277,800,000","284,400,000","364,700,000","264,000,000","191,200,000","1,668,700,000","252,900,000","172,500,000","179,600,000","120,200,000","91,400,000","105,800,000","164,600,000","132,900,000","523,600,000","22,800,000","112,000,000","29,700,000","203,500,000","38,300,000","98,000,000","67,400,000","109,900,000","110,000,000","110,000,000","110,000,000","125,500,000","90,200,000","94,000,000","84,500,000","111,400,000","121,700,000","87,400,000","127,100,000","121,300,000","84,500,000","94,400,000","99,100,000"
BasicEPS,,"16.517","16.251","8.221","-1.221","-19.775","2.523","17.623","4.588","12.325","5.092","15.005","12.663","10.876","-20.435","11.923","6.746","5.739","8.806","-10.293","7.52","4.867","-0.461","13.195","1.649","1.728","1.646","2.549","2.919","2.028","2.267","2.222","3.825","1.628","2.095","1.687","1.874","2.593","1.908","2.024","2.049","1.842","1.985","1.838","1.582","1.255","1.311","1.231","0.92","1.381","0.611","1.775","1.209","0.797","1.515","1.313","1.391","1.415","-0.66","0.05","0.455","1.239","0.405","1.269","1.961","1.345","1.121","1.549","1.198","1.015","1.001","2.221","0.254","0.627","0.591","1.448","0.493","0.556","0.672","1.036","0.784","0.968","0.751","0.514","0.496","0.454","0.399","0.042","-0.297","0.337","0.265","0.474","0.349","0.281","0.354","0.011","0.184","0.251","0.237","0.293","0.195","0.631","0.388","0.525","0.198","0.151","0.154","0.199","0.145","0.106","0.932","0.181","0.097","0.108","0.068","0.085","0.06","0.093","0.075","0.353","0.013","0.065","0.017","0.118","0.022","0.057","0.039","0.064","0.064","0.064","0.064","0.057","0.057","0.055","0.049","0.065","0.071","0.051","0.074","0.071","0.049","0.055","0.058"
DilutedEPS,,"16.517","16.251","8.221","-1.221","-19.775","2.523","17.623","4.588","12.325","5.092","15.005","12.663","10.876","-20.435","11.923","6.746","5.739","8.806","-10.316","7.52","4.867","-0.461","13.193","1.649","1.728","1.646","2.549","2.919","2.028","2.267","2.222","3.825","1.628","2.095","1.686","1.874","2.593","1.908","2.024","2.049","1.842","1.985","1.838","1.582","1.255","1.311","1.231","0.92","1.381","0.611","1.771","1.209","0.797","1.515","1.313","1.391","1.415","-0.66","0.05","0.455","1.239","0.405","1.269","1.961","1.345","1.121","1.548","1.198","1.015","1.001","2.22","0.254","0.627","0.591","1.447","0.493","0.556","0.672","1.035","0.784","0.968","0.751","0.514","0.496","0.454","0.399","0.041","-0.297","0.337","0.265","0.474","0.349","0.281","0.354","0.011","0.184","0.251","0.237","0.293","0.195","0.631","0.388","0.525","0.198","0.151","0.154","0.197","0.145","0.106","0.932","0.181","0.097","0.108","0.068","0.085","0.06","0.093","0.075","0.353","0.013","0.065","0.017","0.118","0.022","0.057","0.039","0.064","0.064","0.064","0.064","0.057","0.057","0.055","0.049","0.065","0.071","0.051","0.074","0.071","0.049","0.055","0.058"
BasicAverageShares,,"2,174,311,913","2,184,655,908","2,195,041,902","2,200,417,900","2,205,864,397","2,212,053,394","2,227,770,386","2,254,518,373","2,279,362,860","2,299,924,850","2,335,128,332","2,380,045,810","2,417,638,791","2,434,332,283","2,442,111,279","2,449,501,775","2,452,441,774","2,459,730,270","2,462,433,269","2,465,332,767","2,467,584,266","2,467,435,766","2,467,195,766","2,466,984,267","2,466,868,767","2,466,636,267","2,466,232,767","2,465,868,267","2,465,616,267","2,465,229,267","2,465,065,767","2,464,972,768","2,464,624,768","2,464,425,268","2,464,278,268","2,463,835,768","2,466,553,767","2,466,087,267","2,465,827,767","2,465,667,267","2,465,397,267","2,464,770,268","2,475,792,262","2,478,274,761","2,477,265,261","2,476,414,762","2,476,212,262","2,476,933,762","2,473,576,763","2,472,615,264","2,472,264,264","2,471,388,264","2,470,761,265","2,398,749,301","2,327,605,836","2,327,589,336","2,327,584,836","2,324,223,338","2,323,839,338","2,323,837,838","2,323,471,838","2,322,591,339","2,321,428,839","2,321,050,839","2,317,807,841","2,314,212,343","2,313,726,343","2,313,258,343","2,312,460,344","2,311,401,344","2,310,655,845","2,309,845,845","2,309,481,345","2,308,648,846","2,307,373,846","2,306,854,847","2,306,442,347","2,305,612,847","2,304,271,848","2,303,293,848","2,302,641,349","2,302,201,849","2,301,586,849","2,301,093,349","2,300,590,850","2,296,440,352","2,292,024,354","2,291,019,354","2,290,540,855","2,289,808,855","2,288,700,356","2,286,253,857","2,281,584,359","2,281,018,859","2,280,439,860","2,279,929,860","2,279,484,360","2,278,344,361","1,918,839,541","1,866,411,567","1,861,799,069","1,861,064,069","1,852,892,074","1,851,180,574","1,848,366,576","1,848,366,576","1,819,373,090","1,816,142,092","1,805,621,097","1,790,267,105","1,791,814,837","1,784,481,866","1,775,087,112","1,767,646,175","1,766,043,616","1,766,276,245","1,766,093,538","1,766,816,452","1,881,633,194","1,729,018,347","1,729,461,767","1,726,074,302","1,720,378,810","1,718,001,533","1,718,895,305","1,718,802,269","1,717,186,641","1,718,749,141","1,718,749,141","1,718,749,141","2,188,952,394","1,573,255,027","1,720,560,458","1,720,042,565","1,726,189,643","1,720,221,530","1,718,892,546","1,720,356,476","1,720,746,428","1,719,109,408","1,719,071,618","1,720,883,604"
DilutedAverageShares,,"2,174,311,913","2,184,655,908","2,195,041,902","2,200,417,900","2,205,864,397","2,212,053,394","2,227,770,386","2,254,518,373","2,279,362,860","2,299,924,850","2,335,128,332","2,380,045,810","2,417,638,791","2,434,332,283","2,442,111,279","2,449,501,775","2,452,441,774","2,459,730,270","2,462,433,269","2,465,332,767","2,467,584,266","2,467,435,766","2,467,268,923","2,466,984,267","2,466,868,767","2,466,636,267","2,466,480,582","2,465,868,267","2,465,616,267","2,465,229,267","2,465,089,229","2,464,972,768","2,464,624,768","2,464,425,268","2,464,363,368","2,463,835,768","2,466,553,767","2,466,087,267","2,465,930,463","2,465,667,267","2,465,397,267","2,464,770,268","2,475,792,262","2,478,274,761","2,477,265,261","2,476,414,762","2,476,212,262","2,476,933,762","2,473,576,763","2,472,615,264","2,472,264,264","2,471,388,264","2,470,761,265","2,398,749,301","2,327,622,008","2,327,589,336","2,327,584,836","2,324,223,338","2,323,850,505","2,323,837,838","2,323,471,838","2,322,591,339","2,321,539,189","2,321,050,839","2,317,807,841","2,314,212,343","2,313,972,711","2,313,258,343","2,312,460,344","2,311,401,344","2,311,083,204","2,309,845,845","2,309,481,345","2,308,648,846","2,308,132,298","2,306,854,847","2,306,442,347","2,305,612,847","2,304,944,687","2,303,293,848","2,302,641,349","2,302,201,849","2,301,983,866","2,301,093,349","2,300,590,850","2,296,440,352","2,292,325,107","2,291,019,354","2,290,540,855","2,289,808,855","2,288,700,356","2,286,253,857","2,281,584,359","2,281,018,859","2,280,841,243","2,279,929,860","2,279,484,360","2,278,344,361","2,279,098,342","1,866,411,567","1,861,799,069","1,861,064,069","1,852,892,074","1,851,180,574","1,848,366,576","1,848,366,576","1,848,366,845","1,816,142,092","1,805,621,097","1,790,267,105","1,791,814,837","1,784,481,866","1,775,087,112","1,767,646,175","1,766,817,617","1,766,276,245","1,766,093,538","1,766,816,452","1,881,633,194","1,729,018,347","1,729,461,767","1,726,074,302","1,720,378,810","1,718,001,533","1,718,895,305","1,718,802,269","1,717,186,641","1,718,749,141","1,718,749,141","1,718,749,141","2,188,952,394","1,573,255,027","1,720,560,458","1,720,042,565","1,726,189,643","1,720,221,530","1,718,892,546","1,720,356,476","1,720,746,428","1,719,109,408","1,719,071,618","1,720,883,604"
NetIncomeFromContinuingAndDiscontinuedOperation,"86,638,000,000","35,912,000,000","35,504,000,000","18,164,000,000","-2,688,000,000","-43,755,000,000","5,460,000,000","39,646,000,000","10,344,000,000","28,094,000,000","11,711,000,000","35,835,000,000","30,137,000,000","26,295,000,000","-49,746,000,000","29,159,000,000","16,524,000,000","14,073,000,000","21,661,000,000","-25,392,000,000","18,540,000,000","12,011,000,000","-1,138,000,000","32,551,000,000","4,067,000,000","4,262,000,000","4,060,000,000","6,286,000,000","7,198,000,000","5,001,000,000","5,589,000,000","5,478,000,000","9,428,000,000","4,013,000,000","5,164,000,000","4,155,000,000","4,617,000,000","6,395,000,000","4,705,000,000","4,990,000,000","5,053,000,000","4,541,000,000","4,892,000,000","4,551,000,000","3,920,000,000","3,108,000,000","3,245,000,000","3,048,000,000","2,278,000,000","3,417,000,000","1,511,000,000","4,377,000,000","2,989,000,000","1,968,000,000","3,633,000,000","3,056,000,000","3,238,000,000","3,295,000,000","-1,534,000,000","117,000,000","1,057,000,000","2,880,000,000","940,000,000","2,947,000,000","4,553,000,000","3,118,000,000","2,595,000,000","3,583,000,000","2,772,000,000","2,347,000,000","2,313,000,000","5,130,000,000","586,000,000","1,449,000,000","1,363,000,000","3,339,000,000","1,137,000,000","1,282,000,000","1,550,000,000","2,386,000,000","1,806,000,000","2,229,000,000","1,730,000,000","1,184,000,000","1,141,000,000","1,045,000,000","916,000,000","95,000,000","-679,000,000","773,000,000","606,000,000","1,084,000,000","797,000,000","640,000,000","807,000,000","24,000,000","420,000,000","572,000,000","541,000,000","567,000,000","365,000,000","1,176,000,000","722,000,000","972,800,000","366,600,000","277,800,000","284,400,000","364,700,000","264,000,000","191,200,000","1,668,700,000","252,900,000","172,500,000","179,600,000","120,200,000","91,400,000","105,800,000","164,600,000","132,900,000","523,600,000","22,800,000","112,000,000","84,100,000","203,500,000","38,300,000","98,000,000","67,400,000","109,900,000","110,000,000","110,000,000","110,000,000","125,500,000","90,200,000","94,000,000","84,500,000","111,400,000","121,700,000","87,400,000","127,100,000","121,300,000","84,500,000","94,400,000","99,100,000"
NormalizedIncome,"86,638,000,000","35,912,000,000","35,504,000,000","18,164,000,000","-2,688,000,000","-43,755,000,000","5,460,000,000","39,646,000,000","10,344,000,000","28,094,000,000","11,711,000,000","35,844,549,148.735","30,157,050,000","34,227,964,000","-49,746,000,000","29,159,000,000","16,524,000,000","14,073,000,000","21,661,000,000","-25,392,000,000","18,540,000,000","12,011,000,000","-1,138,000,000","32,551,000,000","4,067,000,000","4,262,000,000","4,060,000,000","6,286,000,000","7,198,000,000","5,001,000,000","5,589,000,000","5,478,000,000","9,428,000,000","4,013,000,000","5,164,000,000","4,155,000,000","4,617,000,000","6,395,000,000","4,705,000,000","4,990,000,000","5,053,000,000","4,541,000,000","4,892,000,000","4,551,000,000","3,920,000,000","3,108,000,000","3,245,000,000","3,048,000,000","2,278,000,000","3,417,000,000","1,511,000,000","4,377,000,000","2,989,000,000","1,968,000,000","3,633,000,000","3,056,000,000","3,238,000,000","3,295,000,000","-1,534,000,000","117,000,000","1,057,000,000","2,880,000,000","940,000,000","2,947,000,000","4,553,000,000","3,118,000,000","2,595,000,000","3,583,000,000","2,772,000,000","2,347,000,000","2,313,000,000","5,130,000,000","586,000,000","1,449,000,000","1,363,000,000","3,339,000,000","1,137,000,000","1,282,000,000","1,550,000,000","2,386,000,000","1,806,000,000","2,229,000,000","1,730,000,000","1,184,000,000","1,141,000,000","1,045,000,000","916,000,000","95,000,000","-679,000,000","773,000,000","606,000,000","1,084,000,000","797,000,000","640,000,000","807,000,000","24,000,000","420,000,000","572,000,000","541,000,000","567,000,000","365,000,000","1,176,000,000","722,000,000","972,800,000","366,600,000","277,800,000","284,400,000","364,700,000","264,000,000","191,200,000","1,668,700,000","252,900,000","172,500,000","179,600,000","120,200,000","91,400,000","105,800,000","164,600,000","132,900,000","523,600,000","22,800,000","112,000,000","84,100,000","203,500,000","38,300,000","98,000,000","67,400,000","109,900,000","110,000,000","110,000,000","110,000,000","125,500,000","90,200,000","94,000,000","84,500,000","111,400,000","121,700,000","87,400,000","127,100,000","121,300,000","84,500,000","94,400,000","99,100,000"
RentExpenseSupplemental,"5,754,000,000","1,457,000,000","1,477,000,000","1,402,000,000","1,418,000,000","1,498,000,000","1,232,000,000","1,221,000,000","1,116,000,000","982,000,000","882,000,000","915,000,000","854,000,000","749,000,000","1,002,000,000","973,000,000","1,010,000,000","1,000,000,000","1,020,000,000",,,,,,,,,,,,,,,,,,,,,,,,,,,,,,,,,,,,,,,,,,,,,,,,,,,,,,,,,,,,,,,,,,,,,,,,,,,,,,,,,,,,,,,,,,,,,,,,,,,,,,,,,,,,,,,,,,,,,,,,,,,,
EBIT,"112,660,000,000","46,684,000,000","45,970,000,000","23,350,000,000","-3,025,000,000","-54,395,000,000","7,846,000,000","49,943,000,000","13,540,000,000","36,797,000,000","15,578,000,000","46,460,000,000","38,930,000,000","36,411,000,000","-62,025,000,000","37,794,000,000","21,474,000,000","18,751,000,000","28,638,000,000","-31,477,000,000","24,043,000,000","15,619,000,000","-331,000,000","7,985,000,000","6,863,000,000","7,629,000,000","6,755,000,000","9,868,000,000","11,568,000,000","8,099,000,000","7,629,000,000","8,189,000,000","14,937,000,000","6,813,000,000","8,522,000,000","6,671,000,000","7,567,000,000","9,740,000,000","7,380,000,000","7,950,000,000","8,084,000,000","7,582,000,000","7,981,000,000","7,419,000,000","6,628,000,000","5,311,000,000","5,622,000,000","5,127,000,000","4,032,000,000","5,927,000,000","2,892,000,000","7,141,000,000","5,202,000,000","3,575,000,000","5,691,000,000","4,965,000,000","5,333,000,000","5,301,000,000","-2,055,000,000","628,000,000","2,016,000,000","4,964,000,000","1,929,000,000","4,923,000,000","7,328,000,000","5,285,000,000","4,535,000,000","5,715,000,000","4,764,000,000","4,048,000,000","3,975,000,000","7,998,000,000","1,028,000,000","2,349,000,000","2,139,000,000","5,059,000,000","1,906,000,000","2,159,000,000","2,533,000,000","3,671,000,000","2,680,000,000","3,459,000,000","2,710,000,000","2,006,000,000","1,848,000,000","1,596,000,000","1,436,000,000","340,000,000","-1,003,000,000","1,324,000,000","1,017,000,000","1,831,000,000","1,414,000,000","1,148,000,000","1,338,000,000","68,000,000","704,000,000","897,000,000","915,000,000","889,000,000","576,000,000","1,842,000,000","1,116,000,000","1,520,400,000","568,300,000","424,900,000","425,900,000","540,000,000","392,500,000","290,300,000","2,582,800,000","18,700,000","13,900,000","13,400,000","13,200,000","-9,400,000","22,100,000","23,500,000","24,000,000","23,200,000","21,000,000","18,500,000",,"32,500,000","30,000,000",,"37,400,000",,,,,"30,600,000","28,100,000","28,200,000","25,900,000",,,,,,,,
ReconciledDepreciation,"11,633,000,000","3,096,000,000","3,051,000,000","2,758,000,000","2,728,000,000","2,710,000,000","2,703,000,000","2,705,000,000","2,668,000,000","2,672,000,000","2,673,000,000","2,904,000,000","2,583,000,000","2,524,000,000","2,585,000,000","2,657,000,000","2,534,000,000","2,456,000,000","2,417,000,000","2,610,000,000","2,395,000,000","2,387,000,000","2,387,000,000","2,353,000,000","2,296,000,000","2,296,000,000","2,243,000,000","2,296,000,000","2,246,000,000","2,234,000,000","2,125,000,000","1,978,000,000","1,989,000,000","1,941,000,000","1,871,000,000","1,934,000,000","1,854,000,000","1,810,000,000","1,772,000,000","2,472,000,000","1,354,000,000","1,345,000,000","1,337,000,000","1,332,000,000","1,296,000,000","1,265,000,000","1,253,000,000","1,265,000,000","1,142,000,000","1,141,000,000","1,135,000,000","1,170,000,000","1,094,000,000","1,100,000,000","915,000,000","812,000,000",,,,,,,,,,,,,,,,,,,,,,,,,,,,"0","0","0","0","141,000,000","145,000,000","144,000,000","142,000,000","346,000,000","124,000,000","123,000,000","122,000,000","121,000,000","119,000,000","119,000,000","118,000,000","38,000,000","26,000,000","24,000,000","23,000,000","20,700,000","21,000,000","20,700,000","20,700,000","16,000,000","15,100,000","15,500,000","15,100,000",,,,,,,,,,,,,,,,,,,,,,,,,,,,,,,,
NetIncomeFromContinuingOperationNetMinorityInterest,"86,638,000,000","35,912,000,000","35,504,000,000","18,164,000,000","-2,688,000,000","-43,755,000,000","5,460,000,000","39,646,000,000","10,344,000,000","28,094,000,000","11,711,000,000","35,835,000,000","30,137,000,000","26,295,000,000","-49,746,000,000","29,159,000,000","16,524,000,000","14,073,000,000","21,661,000,000","-25,392,000,000","18,540,000,000","12,011,000,000","-1,138,000,000","32,551,000,000","4,067,000,000","4,262,000,000","4,060,000,000","6,286,000,000","7,198,000,000","5,001,000,000","5,589,000,000","5,478,000,000","9,428,000,000","4,013,000,000","5,164,000,000","4,155,000,000","4,617,000,000","6,395,000,000","4,705,000,000","4,990,000,000","5,053,000,000","4,541,000,000","4,892,000,000","4,551,000,000","3,920,000,000","3,108,000,000","3,245,000,000","3,048,000,000","2,278,000,000","3,417,000,000","1,511,000,000","4,377,000,000","2,989,000,000","1,968,000,000","3,633,000,000","3,056,000,000","3,238,000,000","3,295,000,000","-1,534,000,000","117,000,000","1,057,000,000","2,880,000,000","940,000,000","2,947,000,000","4,553,000,000","3,118,000,000","2,595,000,000","3,583,000,000","2,772,000,000","2,347,000,000","2,313,000,000","5,130,000,000","586,000,000","1,449,000,000","1,363,000,000","3,339,000,000","1,137,000,000","1,282,000,000","1,550,000,000","2,386,000,000","1,806,000,000","2,229,000,000","1,730,000,000","1,184,000,000","1,141,000,000","1,045,000,000","916,000,000","95,000,000","-679,000,000","773,000,000","606,000,000","1,084,000,000","797,000,000","640,000,000","807,000,000","24,000,000","420,000,000","572,000,000","541,000,000","567,000,000","365,000,000","1,176,000,000","722,000,000","972,800,000","366,600,000","277,800,000","284,400,000","364,700,000","264,000,000","191,200,000","1,668,700,000","252,900,000","172,500,000","179,600,000","120,200,000","91,400,000","105,800,000","164,600,000","132,900,000","523,600,000","22,800,000","112,000,000","84,100,000","203,500,000","38,300,000","98,000,000","67,400,000","109,900,000","110,000,000","110,000,000","110,000,000","125,500,000","90,200,000","94,000,000","84,500,000","111,400,000","121,700,000","87,400,000","127,100,000","121,300,000","84,500,000","94,400,000","99,100,000"
TotalUnusualItemsExcludingGoodwill,"0",,,,,,,"0","0","0",,"-12,000,000","-25,000,000","-10,634,000,000",,,,,,,,,,,,,,,,,,,,,,,,,,,,,,,,,,,,,,,,,,,,,,,,,,,,,,,,,"-1,246,000,000",,"-1,132,000,000",,,,,,,,,,,,,,,,,,,,,,,,,,,,,,,,,,,,,,,,,,,,,,,,,,,,,,,,,,,,,,,,,,,,,,
TotalUnusualItems,"0",,,,,,,"0","0","0",,"-12,000,000","-25,000,000","-10,634,000,000",,,,,,,,,,,,,,,,,,,,,,,,,,,,,,,,,,,,,,,,,,,,,,,,,,,,,,,,,"-1,246,000,000",,"-1,132,000,000",,,,,,,,,,,,,,,,,,,,,,,,,,,,,,,,,,,,,,,,,,,,,,,,,,,,,,,,,,,,,,,,,,,,,,
TaxRateForCalcs,"0.19","0.203","0.201","0.175","0.371","0.218","0.18","0.185","0.147","0.204","0.185","0.204","0.198","0.254","0.212","0.206","0.187","0.202","0.214","0.224","0.192","0.2","0.297","0.4","0.253","0.289","0.272","0.318","0.303","0.311","0.124","0.248","0.323","0.297","0.316","0.278","0.301","0.276","0.277","0.3","0.302","0.331","0.312","0.31","0.317","0.3","0.317","0.283","0.283","0.328","0.282","0.31","0.312","0.289","0.262","0.32","0.331","0.317","0.399","0.35","0.196","0.323","0.281","0.315","0.321","0.336","0.341","0.305","0.337","0.335","0.344","0.337","0.278","0.321","0.304","0.319","0.362","0.322","0.319","0.325","0.297","0.323","0.323","0.356","0.322","0.314","0.331","0.4","0.345","0.373","0.354","0.379","0.348","0.355","0.356","0.4","0.354","0.336","0.371","0.338","0.327","0.344","0.333","0.337","0.314","0.292","0.276","0.291","0.268","0.262","0.343","0","0","0","0","0","0","0","0","0","0","0","0.4","0","0","0","0","0.4","0.4","0.4","0.4","0","0","0","0","0.4","0.4","0.4","0.4","0.4","0.4","0.4","0.4"
TaxEffectOfUnusualItems,"0","0","0","0","0","0","0","0","0","0","0","-2,450,851.265","-4,950,000","-2,701,036,000","0","0","0","0","0","0","0","0","0","0","0","0","0","0","0","0","0","0","0","0","0","0","0","0","0","0","0","0","0","0","0","0","0","0","0","0","0","0","0","0","0","0","0","0","0","0","0","0","0","0","0","0","0","0","0","0","0","0","0","0","0","0","0","0","0","0","0","0","0","0","0","0","0","0","0","0","0","0","0","0","0","0","0","0","0","0","0","0","0","0","0","0","0","0","0","0","0","0","0","0","0","0","0","0","0","0","0","0","0","0","0","0","0","0","0","0","0","0","0","0","0","0","0","0","0","0","0","0","0"
InterestExpense,"4,698,000,000","1,249,000,000","1,218,000,000","1,139,000,000","1,092,000,000","1,087,000,000","1,034,000,000","990,000,000","1,056,000,000","1,076,000,000","1,050,000,000","1,057,000,000","1,000,000,000","1,002,000,000","1,024,000,000","993,000,000","985,000,000","992,000,000","991,000,000","1,244,000,000","896,000,000","521,000,000","1,192,000,000","1,594,000,000","1,233,000,000","1,500,000,000","1,067,000,000","554,000,000","1,043,000,000","727,000,000","1,173,000,000","808,000,000","865,000,000","967,000,000","875,000,000","830,000,000","817,000,000","824,000,000","782,000,000","718,000,000","706,000,000","691,000,000","686,000,000","665,000,000","692,000,000","696,000,000","691,000,000","675,000,000","669,000,000","662,000,000","658,000,000","660,000,000","668,000,000","637,000,000","593,000,000","500,000,000","494,000,000","510,000,000","488,000,000","480,000,000","514,000,000","493,000,000","476,000,000","497,000,000","481,000,000","469,000,000","463,000,000","453,000,000","463,000,000","446,000,000","362,000,000","169,000,000","193,000,000","195,000,000","166,000,000","131,000,000","112,000,000","245,000,000","233,000,000","118,000,000","98,000,000","124,000,000","132,000,000","180,000,000","176,000,000","49,000,000","46,000,000","49,000,000","43,000,000","57,000,000","60,000,000","39,000,000","38,000,000","34,000,000","33,000,000","34,000,000","35,000,000","32,000,000","33,000,000","27,000,000","28,000,000","27,000,000","27,000,000","27,900,000","28,600,000","27,300,000","28,100,000","20,000,000","26,500,000","26,900,000","26,300,000","18,700,000","13,900,000","13,400,000","13,200,000","-9,400,000","22,100,000","23,500,000","24,000,000","23,200,000","21,000,000","18,500,000",,"32,500,000","30,000,000",,"37,400,000",,,,,"30,600,000","28,100,000","28,200,000","25,900,000",,,,,,,,