name,ttm,06/30/2023,03/31/2023,12/31/2022,09/30/2022,06/30/2022,03/31/2022,12/31/2021,09/30/2021,06/30/2021,03/31/2021,12/31/2020,09/30/2020,06/30/2020,03/31/2020,12/31/2019,09/30/2019,06/30/2019,03/31/2019,12/31/2018,09/30/2018,06/30/2018,03/31/2018,12/31/2017,09/30/2017,06/30/2017,03/31/2017,12/31/2016,09/30/2016,06/30/2016,03/31/2016,12/31/2015,09/30/2015,06/30/2015,03/31/2015,12/31/2014,09/30/2014,06/30/2014,03/31/2014,12/31/2013,09/30/2013,06/30/2013,03/31/2013,12/31/2012,09/30/2012,06/30/2012,03/31/2012,12/31/2011,09/30/2011,06/30/2011,03/31/2011,12/31/2010,09/30/2010,06/30/2010,03/31/2010,12/31/2009,09/30/2009,06/30/2009,03/31/2009,12/31/2008,09/30/2008,06/30/2008,03/31/2008,12/31/2007,09/30/2007,06/30/2007,03/31/2007,12/31/2006,09/30/2006,06/30/2006,03/31/2006,12/31/2005,09/30/2005,06/30/2005,03/31/2005,12/31/2004,09/30/2004,06/30/2004,03/31/2004,12/31/2003,09/30/2003,06/30/2003,03/31/2003,12/31/2002,09/30/2002,06/30/2002,03/31/2002,12/31/2001,09/30/2001,06/30/2001,03/31/2001,12/31/2000,09/30/2000,06/30/2000,03/31/2000,12/31/1999,09/30/1999,06/30/1999,03/31/1999,12/31/1998,09/30/1998,06/30/1998,03/31/1998,12/31/1997,09/30/1997,06/30/1997,03/31/1997,12/31/1996,09/30/1996,06/30/1996,03/31/1996,09/30/1995
TotalRevenue,"11,693,112,000","3,088,000,000","3,102,000,000","2,950,310,000","2,495,619,000","2,244,556,000","1,909,372,000","2,249,017,000","2,031,884,000","2,430,035,000","2,214,171,000","2,224,947,000","2,141,550,000","2,317,743,000","1,610,708,000","1,664,109,000","1,698,654,000","1,741,652,000","1,679,504,000","1,383,481,000","1,398,640,000","1,456,043,000","1,236,165,000","1,361,899,000","1,420,436,000","1,335,288,000","1,251,684,000","1,009,982,000","1,178,218,000","1,207,077,000","1,056,455,000","901,007,000","949,388,000","983,902,000","1,142,956,000","1,048,597,000","1,043,596,000","1,024,126,000","936,415,000","907,958,000","814,921,000","854,660,000","900,582,000","880,542,000","887,840,000","874,157,000","794,320,000","747,674,000","825,033,000","777,252,000","775,072,000","825,513,000","797,352,000","776,315,000","844,887,000","926,210,000","976,225,000","848,744,000","750,443,000","534,906,000","746,799,000","835,915,000","849,193,000","858,198,000","867,163,000","867,310,000","859,774,000","902,761,000","850,349,000","859,219,000","840,349,000","818,297,000","798,993,000","796,682,000","753,557,000","808,295,000","795,611,000","753,808,000","746,336,000","722,898,000","646,899,000","538,038,000","435,903,000","305,661,000","200,808,000","135,807,000","79,601,000","18,110,000","18,608,000","23,191,000","17,030,000","-9,772,000","4,087,000","35,449,000","92,752,000","75,268,000","92,100,000","115,400,000","66,100,000","89,633,000","55,200,000","55,900,000","46,400,000","41,472,000","32,300,000","22,800,000","24,500,000","21,971,000","15,800,000","7,400,000","5,000,000","500,000"
	TotalPremiumsEarned,"11,079,669,000","2,965,000,000","2,883,000,000","2,760,919,000","2,470,750,000","2,325,775,000","2,120,633,000","2,083,630,000","1,929,337,000","2,120,909,000","1,948,422,000","1,811,045,000","1,771,092,000","1,665,354,000","1,744,444,000","1,515,882,000","1,438,023,000","1,463,727,000","1,368,866,000","1,369,435,000","1,290,878,000","1,336,763,000","1,234,899,000","1,224,755,000","1,261,886,000","1,240,874,000","1,117,017,000","968,855,000","958,403,000","1,005,985,000","951,579,000","943,520,000","936,683,000","943,438,000","910,264,000","923,165,000","903,651,000","907,152,000","859,780,000","839,366,000","795,000,000","758,816,000","752,770,000","779,481,000","748,691,000","726,656,000","680,312,000","673,192,000","682,049,000","642,879,000","633,695,000","632,146,000","627,409,000","623,011,000","669,917,000","708,538,000","734,385,000","699,258,000","700,564,000","698,514,000","733,031,000","705,675,000","708,234,000","712,216,000","735,529,000","751,412,000","745,493,000","765,041,000","757,573,000","797,450,000","761,601,000","792,981,000","747,775,000","739,892,000","697,068,000","749,249,000","735,408,000","723,399,000","707,826,000","690,336,000","608,956,000","508,856,000","404,451,000","290,011,000","183,979,000","113,459,000","67,527,000","11,921,000","11,799,000","5,565,000","1,633,000","0","0","29,368,000","58,162,000","80,968,000","80,500,000","87,000,000","62,900,000","63,594,000","52,700,000","48,500,000","41,500,000","41,772,000","24,700,000","19,900,000","21,100,000","17,561,000","12,600,000","3,800,000","1,800,000",
		NetPremiumsWritten,"12,610,189,000","3,428,000,000","3,424,000,000","3,034,636,000","2,723,774,000",,"2,634,140,000","2,034,427,000","2,075,929,000","2,399,524,000","2,508,457,000","1,758,015,000","1,874,144,000","1,668,311,000","2,137,246,000","1,455,453,000","1,613,457,000","1,444,898,000","1,525,259,000","1,301,754,000","1,333,553,000","1,298,896,000","1,412,544,000","1,111,015,000","1,325,403,000","1,248,695,000","1,276,260,000","872,315,000","1,014,278,000","1,023,563,000","1,121,235,000","834,984,000","971,972,000","943,580,000","1,066,995,000","895,481,000","959,539,000","971,928,000","1,064,990,000","748,921,000","839,135,000","810,535,000","952,776,000","613,142,000","755,249,000","820,233,000","680,312,000","511,124,000","691,381,000","706,543,000","764,278,000","482,911,000","636,117,000","624,258,000","767,754,000","519,087,000","727,308,000","693,854,000","822,863,000","615,574,000","733,031,000","686,118,000",,,,,,,,,,,,,,,,,,,,,,,,,,,,,,,,,,,,,,,,,,,,,,,,,,
			GrossPremiumsWritten,"17,280,447,000","4,845,000,000","4,780,000,000","3,795,262,000","3,860,683,000",,"3,800,775,000","2,861,575,000","3,207,415,000","3,286,291,000","3,397,206,000","2,256,514,000","2,681,032,000","2,317,692,000","2,832,830,000","1,942,151,000","2,181,121,000","1,937,809,000","2,077,879,000","1,694,918,000","1,731,328,000","1,696,544,000","1,838,214,000","1,452,530,000","1,648,246,000","1,609,659,000","1,657,990,000","1,155,467,000","1,278,765,000","1,329,936,000","1,437,966,000","1,066,740,000","1,189,192,000","1,199,209,000","1,342,022,000","1,113,812,000","1,159,907,000","1,271,761,000","1,295,136,000","955,200,000","1,036,986,000","1,040,739,000","1,163,698,000",,"936,764,000","1,051,813,000","1,066,656,000",,"860,289,000","911,939,000",,,,,,,,,,,,,,,,,,,,,,,,,,,,,,,,,,,,,,,,,,,,,,,,,,,,,,,,,,,,,,
			CededPremiums,"-4,670,258,000","-1,417,000,000","-1,356,000,000","-760,626,000","-1,136,909,000",,"-1,166,635,000","-827,148,000","-1,131,486,000","-886,767,000","-888,749,000","-498,499,000","-806,888,000","-649,381,000","-695,584,000","-486,698,000","-567,664,000","-492,911,000","-552,620,000","-393,164,000","-397,775,000","-397,648,000","-425,670,000","-341,515,000","-322,843,000","-360,964,000","-381,730,000","-283,152,000","-264,487,000","-306,373,000","-316,731,000","-231,756,000","-217,220,000","-255,629,000","-275,027,000","-218,331,000","-200,368,000","-299,833,000","-230,146,000","-206,279,000","-197,851,000","-230,204,000","-210,922,000",,"-181,515,000","-231,580,000","-386,344,000",,"-168,908,000","-205,396,000",,,,,,,,,,,,,,,,,,,,,,,,,,,,,,,,,,,,,,,,,,,,,,,,,,,,,,,,,,,,,,
		IncreaseDecreaseInNetUnearnedPremiumReserves,"-1,531,112,000","-463,000,000","-541,000,000","-273,717,000","-253,024,000",,"-513,507,000","49,203,000","-146,592,000","-278,615,000","-560,035,000","53,030,000","-103,052,000","-2,957,000","-392,802,000","60,429,000","-175,434,000","18,829,000","-156,393,000","67,681,000","-42,675,000","37,867,000","-177,645,000","113,740,000","-63,517,000","-7,821,000","-159,243,000","96,540,000","-55,875,000","-17,578,000","-169,656,000","108,536,000","-35,289,000","-142,000","-156,731,000","27,684,000","-55,888,000","-64,776,000","-205,210,000","90,445,000","-44,135,000","-51,719,000","-200,006,000","166,339,000","-6,558,000","-93,577,000","-183,299,000","162,068,000","-9,332,000","-63,664,000","-130,583,000","149,235,000","-8,708,000","-1,247,000","-97,837,000","189,451,000","7,077,000","5,404,000","-122,299,000","82,940,000","40,339,000","19,557,000",,,,,,,,,,,,,,,,,,,,,,,,,,,,,,,,,,,,,,,,,,,,,,,,,,
	NetInvestmentIncome,"123,903,000","7,000,000","-7,000,000","3,986,000","-8,493,000","106,392,000","80,436,000","90,454,000","88,195,000","111,613,000","98,856,000","114,458,000","128,512,000","131,485,000","145,153,000","153,619,000","160,325,000","154,989,000","155,640,000","155,512,000","143,532,000","135,198,000","126,562,000","123,692,000","114,581,000","109,394,000","116,067,000","77,458,000","89,751,000","82,995,000","86,096,000","88,564,000","80,365,000","85,850,000","73,195,000","78,659,000","71,512,000","58,241,000","64,023,000","67,007,000","65,355,000","67,645,000","63,426,000","67,734,000","97,551,000","81,395,000","99,123,000","80,467,000","52,204,000","92,644,000","88,307,000","90,601,000","90,768,000","90,189,000","122,022,000","125,942,000","169,332,000","176,375,000","86,301,000","-62,402,000","117,022,000","136,703,000","122,193,000","119,901,000","113,181,000","117,299,000","112,689,000","107,754,000","101,622,000","90,503,000","80,326,000","70,056,000","59,270,000","53,660,000","49,916,000","45,569,000","40,752,000","32,811,000","24,573,000","22,240,000","20,542,000","19,772,000","18,438,000","15,602,000","14,869,000","11,611,000","9,167,000","3,373,000","2,509,000","3,078,000","3,160,000","3,017,000","3,359,000","4,257,000","5,290,000",,,,,,,,,,,,,,,,,
	NetRealizedGainLossOnInvestments,"1,252,086,000","112,000,000","223,000,000","251,148,000","-46,540,000","-266,579,000","-292,414,000","59,517,000","-25,040,000","202,907,000","142,461,000","353,333,000","280,499,000","556,588,000","-366,960,000","41,474,000","62,518,000","120,806,000","141,565,000","-166,030,000","-51,705,000","-76,611,000","-110,998,000","26,978,000","66,275,000","21,735,000","34,153,000","-93,061,000","125,105,000","68,218,000","37,324,000","-143,767,000","-89,698,000","-35,725,000","83,348,000","10,561,000","18,515,000","54,144,000","19,697,000","9,048,000","-6,022,000","12,652,000","58,340,000","54,849,000","58,012,000","32,916,000","43,098,000","-2,119,000","27,460,000","45,210,000","47,688,000","272,511,000","7,633,000","57,704,000","46,176,000","23,768,000","70,638,000","-11,793,000","-5,164,000","-102,873,000","-105,534,000","-12,669,000","35,975,000","18,732,000","14,147,000","-3,757,000","-981,000","27,263,000","-11,115,000","-32,202,000","-3,383,000","-45,731,000","-10,291,000","2,105,000","461,000","10,154,000","13,503,000","-2,321,000","8,901,000","3,863,000","11,366,000","3,889,000","6,199,000","-1,014,000","-836,000","2,476,000","-1,465,000","-37,000","-190,000","9,605,000","9,004,000","-12,789,000","728,000","-367,000","29,300,000",,,,,,,,,,,,,,,,,
	InterestIncome,,,,"5,877,000","4,261,000",,,,,,,,,,,,,,,,,,,,,,,,,,,,,,,,,,,,,,,,,,,,,,,,,,,,,,,,,,,,,,,,,,,,,,,,,,,,,,,,,,,,,,,,,,,,,,,,,,,,,,,,,,,
	NetForeignExchangeGainLoss,"-13,715,000","-5,000,000","-18,000,000","-81,224,000","90,509,000","87,775,000","3,845,000","3,163,000","36,078,000","-17,775,000","20,063,000","-72,209,000","-44,885,000","-39,211,000","72,671,000","-52,306,000","33,124,000","-4,952,000","3,525,000","24,579,000","10,838,000","53,706,000","-19,721,000","-28,807,000","-28,028,000","-39,543,000","-19,404,000","38,176,000","-2,621,000","24,662,000","-23,566,000","4,520,000","14,680,000","-19,583,000","66,501,000","36,570,000","56,031,000","-2,294,000","-6,563,000","-9,848,000","-40,562,000","13,811,000","24,264,000","-22,997,000","-16,959,000","31,689,000","-20,688,000",,"60,040,000","-18,375,000",,,,,,,,,,,,,,,,,,,,,,,,,,,,,,,,,,,,,,,,,,,,,,,,,,,,,,,,,,,,,,
	FeeRevenueAndOtherIncome,"28,997,000","9,000,000","21,000,000","9,604,000","-10,607,000","-8,807,000","-3,128,000","12,253,000","3,314,000","12,381,000","4,369,000","18,320,000","6,332,000","3,527,000","15,400,000","5,440,000","4,664,000","7,082,000","9,908,000","-15,000","5,097,000","6,987,000","5,423,000","15,281,000","5,722,000","2,828,000","3,851,000","18,554,000","7,580,000","25,217,000","5,022,000","8,170,000","7,358,000","9,922,000","9,648,000","-358,000","-6,113,000","6,883,000","-522,000","2,385,000","1,150,000","1,736,000","1,782,000","1,475,000","545,000","1,501,000","-7,525,000","-3,866,000","3,280,000","14,894,000","5,382,000","-169,745,000","71,542,000","5,411,000","6,772,000","67,962,000","1,870,000","-15,096,000","-31,258,000","1,667,000","2,280,000","6,206,000","-17,209,000","7,349,000","4,306,000","2,356,000","2,573,000","2,703,000","2,269,000","3,468,000","1,805,000","991,000","2,239,000","1,025,000","6,112,000","3,323,000","5,948,000","-81,000","5,036,000","6,459,000","6,035,000","5,521,000","6,815,000","1,062,000","2,796,000","8,261,000","4,372,000","2,853,000","4,490,000","4,943,000","3,233,000","0",,"2,191,000",,,"11,600,000","28,400,000","3,200,000",,"2,500,000","7,400,000","4,900,000",,"7,600,000","2,900,000","3,400,000",,"3,200,000","3,600,000","3,200,000",
		FeesAndCommissions,,,,,,,,,,,,,,,,,,,,,,,,,,,,,,,,,,,,,,,,,"526,000","902,000","538,000","5,664,000","1,077,000","806,000","543,000","982,000","848,000","784,000","815,000","2,814,000","874,000","883,000","794,000","894,000","826,000","817,000","925,000","1,456,000","944,000","1,238,000",,,,,,,,,,,,,,,,,,,,,,,,,,,,,,,,,,,,,,,,,,,,,,,,,,
		OtherIncomeExpense,"28,997,000","9,000,000","21,000,000","9,604,000","-10,607,000","-8,807,000","-3,128,000","12,253,000","3,314,000","12,381,000","4,369,000","18,320,000","6,332,000","3,527,000","15,400,000","5,440,000","4,664,000","7,082,000","9,908,000","-15,000","5,097,000","6,987,000","5,423,000","15,281,000","5,722,000","2,828,000","3,851,000","18,554,000","7,580,000","25,217,000","5,022,000","8,170,000","7,358,000","9,922,000","9,648,000","-358,000","-6,113,000","6,883,000","-522,000","2,385,000","624,000","834,000","1,244,000","-4,189,000","-532,000","695,000","-8,068,000","-4,848,000","2,432,000","14,110,000","4,567,000","-172,559,000","70,668,000","4,528,000","5,978,000","67,068,000","1,044,000","-15,913,000","-32,183,000","211,000","1,336,000","4,968,000","-17,209,000","7,349,000","4,306,000","2,356,000","2,573,000","2,703,000","2,269,000","3,468,000","1,805,000","991,000","2,239,000","1,025,000","6,112,000","3,323,000","5,948,000","-81,000","5,036,000","6,459,000","6,035,000","5,521,000","6,815,000","1,062,000","2,796,000","8,261,000","4,372,000","2,853,000","4,490,000","4,943,000","3,233,000","0",,"2,191,000",,,"11,600,000","28,400,000","3,200,000",,"2,500,000","7,400,000","4,900,000",,"7,600,000","2,900,000","3,400,000",,"3,200,000","3,600,000","3,200,000",
TotalExpenses,"9,354,780,000","2,374,000,000","2,360,000,000","2,062,829,000","2,500,768,000","1,822,928,000","1,724,839,000","1,631,577,000","1,730,451,000","1,684,668,000","1,775,060,000","1,591,574,000","1,629,161,000","1,825,227,000","1,671,437,000","1,324,005,000","1,261,349,000","1,211,335,000","1,138,120,000","1,292,145,000","1,116,518,000","1,176,028,000","1,047,866,000","1,103,294,000","1,457,464,000","1,102,020,000","949,252,000","926,706,000","861,367,000","943,589,000","864,518,000","861,551,000","875,684,000","851,303,000","821,521,000","835,949,000","813,886,000","805,120,000","753,532,000","731,014,000","692,700,000","672,649,000","639,253,000","873,445,000","692,743,000","653,122,000","628,162,000","609,379,000","658,312,000","680,641,000","749,687,000","594,906,000","646,121,000","531,444,000","621,140,000","634,858,000","693,152,000","681,336,000","594,623,000","669,238,000","715,797,000","631,919,000","645,354,000","618,372,000","658,844,000","655,418,000","646,267,000","658,470,000","655,680,000","702,000,000","696,635,000","705,053,000","885,926,000","662,872,000","628,243,000","688,331,000","779,864,000","644,834,000","647,894,000","636,761,000","555,218,000","469,685,000","375,574,000","262,241,000","208,137,000","121,549,000","75,410,000","19,295,000","17,207,000","10,562,000","5,583,000","17,205,000","1,502,000","34,069,000","74,355,000","338,099,000","20,500,000","22,900,000","19,500,000","209,371,000","10,600,000","12,700,000","9,900,000","101,379,000","6,200,000","5,400,000","6,100,000",,,,,
	LossAdjustmentExpense,"5,886,026,000","1,491,000,000","1,471,000,000","1,241,330,000","1,682,696,000","1,102,656,000","1,000,835,000","995,853,000","1,226,019,000","1,159,831,000","1,203,100,000","1,127,385,000","1,216,273,000","1,230,522,000","1,115,419,000","844,922,000","802,455,000","767,543,000","718,532,000","827,673,000","699,420,000","726,153,000","636,860,000","678,875,000","1,046,141,000","689,860,000","552,570,000","553,875,000","524,183,000","584,592,000","522,949,000","506,020,000","531,741,000","519,426,000","493,716,000","495,819,000","501,673,000","485,518,000","436,240,000","434,323,000","427,045,000","418,653,000","399,403,000","622,506,000","443,871,000","399,693,000","395,207,000","378,067,000","423,984,000","431,622,000","493,880,000","367,326,000","359,193,000","363,145,000","428,051,000","410,360,000","444,914,000","398,858,000","400,542,000","490,816,000","548,886,000","404,625,000","404,417,000","395,751,000","402,695,000","425,663,000","420,061,000","414,368,000","445,748,000","462,255,000","468,178,000","460,271,000","672,224,000","443,918,000","425,536,000","448,494,000","561,602,000","436,895,000","429,614,000","427,116,000","391,974,000","331,333,000","263,128,000","173,574,000","120,120,000","80,304,000","50,539,000","7,181,000","9,196,000","5,526,000","1,545,000","0",,"22,388,000","53,875,000",,,,,,,,,,,,,,,,,
		NetPolicyholderBenefitsAndClaims,"5,886,026,000","1,491,000,000","1,471,000,000","1,241,330,000","1,682,696,000","1,102,656,000","1,000,835,000","995,853,000","1,226,019,000","1,159,831,000","1,203,100,000","1,127,385,000","1,216,273,000","1,230,522,000","1,115,419,000","844,922,000","802,455,000","767,543,000","718,532,000","827,673,000","699,420,000","726,153,000","636,860,000","678,875,000","1,046,141,000","689,860,000","552,570,000","553,875,000","524,183,000","584,592,000","522,949,000","506,020,000","531,741,000","519,426,000","493,716,000","495,819,000","501,673,000","485,518,000","436,240,000","434,323,000","427,045,000","418,653,000","399,403,000","622,506,000","443,871,000","399,693,000","395,207,000","378,067,000","423,984,000","431,622,000","493,880,000","367,326,000","359,193,000","363,145,000","428,051,000","410,360,000","444,914,000","398,858,000","400,542,000","490,816,000","548,886,000","404,625,000","404,417,000","395,751,000","402,695,000","425,663,000","420,061,000","414,368,000","445,748,000","462,255,000","468,178,000","460,271,000","672,224,000","443,918,000","425,536,000","448,494,000","561,602,000","436,895,000","429,614,000","427,116,000","391,974,000","331,333,000","263,128,000","173,574,000","120,120,000","80,304,000","50,539,000","7,181,000","9,196,000","5,526,000","1,545,000","0",,"22,388,000","53,875,000",,,,,,,,,,,,,,,,,
			PolicyholderBenefitsGross,"8,618,901,000","2,081,000,000","2,068,000,000",,,,"1,544,063,000","1,776,421,000","2,063,078,000","1,600,835,000","1,653,244,000","1,627,802,000","1,766,895,000","1,671,066,000","1,530,952,000","1,398,891,000","1,108,775,000","1,093,472,000","954,462,000","1,212,063,000","917,169,000","861,442,000","788,776,000","929,249,000","1,539,438,000","847,643,000","694,074,000","722,148,000","662,910,000","791,040,000","647,793,000","655,869,000","659,764,000","677,070,000","590,387,000","620,654,000","632,971,000","601,477,000","529,736,000","546,680,000","516,243,000","530,300,000","460,764,000",,,,,,,,,,,,,,,,,,,,,,,,,,,,,,,,,,,,,,,,,,,,,,,,,,,,,,,,,,,,,,,,,,,,,
			PolicyholderBenefitsCeded,"2,733,384,000","590,000,000","597,000,000",,,,"543,228,000","780,568,000","837,059,000","441,004,000","450,144,000","500,417,000","550,622,000","440,544,000","415,533,000","553,969,000","306,320,000","325,929,000","235,930,000","384,390,000","217,749,000","135,289,000","151,916,000","250,374,000","493,297,000","157,783,000","141,504,000","168,273,000","138,727,000","206,448,000","124,844,000","149,849,000","128,023,000","157,644,000","96,670,000","124,835,000","131,298,000","115,959,000","93,496,000","112,357,000","89,198,000","111,647,000","61,361,000",,,,,,,,,,,,,,,,,,,,,,,,,,,,,,,,,,,,,,,,,,,,,,,,,,,,,,,,,,,,,,,,,,,,,
	PolicyAcquisitionExpense,"2,042,102,000","561,000,000","533,000,000","500,515,000","447,587,000","413,319,000","378,159,000","357,539,000","306,015,000","335,143,000","304,481,000","254,828,000","247,942,000","254,789,000","247,283,000","221,888,000","211,120,000","210,089,000","197,848,000","209,319,000","201,602,000","202,838,000","191,376,000","208,879,000","193,854,000","190,436,000","182,289,000","168,426,000","163,861,000","175,281,000","170,465,000","171,409,000","171,566,000","175,425,000","163,076,000","175,215,000","163,547,000","158,158,000","160,342,000","157,521,000","147,313,000","131,677,000","127,592,000","133,568,000","128,065,000","128,289,000","218,455,000","123,339,000","120,205,000","110,639,000","211,174,000","-206,636,000","214,400,000","209,008,000","224,430,000","512,687,000","122,739,000","123,814,000","126,458,000","123,231,000","133,413,000","119,226,000","114,639,000","111,702,000","131,424,000","117,277,000","120,128,000","148,129,000","117,529,000","148,581,000","129,672,000","162,446,000","142,803,000","148,538,000","126,133,000","136,692,000","137,480,000","136,889,000","152,856,000","134,385,000","115,851,000","95,620,000","78,152,000","54,869,000","39,027,000","17,755,000","7,311,000",,"337,000",,,"0",,"10,003,000","16,800,000","17,600,000","20,500,000","22,900,000","19,500,000","17,200,000","10,600,000","12,700,000","9,900,000","13,800,000","6,200,000","5,400,000","6,100,000",,,,,
	UnderwritingExpenses,,,,,,,,,,,,,,,,,,,,,,,,,,,,,,,,,,,,,,,,,,,,,,,,,,"2,236,000",,,,,,,,,,,,,,,,,,,,,,,,,,,,,,,,,,,,,,,,,,,,,,,,,,,,,,,,,,,,,,
	SellingGeneralAndAdministration,"86,530,000","21,000,000","30,000,000","17,820,000","17,710,000","27,620,000","32,332,000","18,150,000","19,672,000","15,951,000","25,384,000","25,335,000","17,937,000","17,920,000","20,796,000","26,837,000","17,061,000","18,251,000","17,962,000","26,835,000","14,335,000","22,512,000","15,312,000","13,986,000","17,098,000","24,876,000","27,792,000","36,678,000","18,485,000","17,200,000",,,,,,,,,,,,,,,,,,,,,,,,,,,,,,,,,,,,,,,,,,,,,,,,,,,,,,,,,,,,,,,,,,,,,,,,,,,,,,,,,,
		GeneralAndAdministrativeExpense,"86,530,000","21,000,000","30,000,000","17,820,000","17,710,000","27,620,000","32,332,000","18,150,000","19,672,000","15,951,000","25,384,000","25,335,000","17,937,000","17,920,000","20,796,000","26,837,000","17,061,000","18,251,000","17,962,000","26,835,000","14,335,000","22,512,000","15,312,000","13,986,000","17,098,000","24,876,000","27,792,000","36,678,000","18,485,000","17,200,000",,,,,,,,,,,,,,,,,,,,,,,,,,,,,,,,,,,,,,,,,,,,,,,,,,,,,,,,,,,,,,,,,,,,,,,,,,,,,,,,,,
			OtherGandA,"86,530,000","21,000,000","30,000,000","17,820,000","17,710,000","27,620,000","32,332,000","18,150,000","19,672,000","15,951,000","25,384,000","25,335,000","17,937,000","17,920,000","20,796,000","26,837,000","17,061,000","18,251,000","17,962,000","26,835,000","14,335,000","22,512,000","15,312,000","13,986,000","17,098,000","24,876,000","27,792,000","36,678,000","18,485,000","17,200,000",,,,,,,,,,,,,,,,,,,,,,,,,,,,,,,,,,,,,,,,,,,,,,,,,,,,,,,,,,,,,,,,,,,,,,,,,,,,,,,,,,
	DepreciationAndAmortizationInIncomeStatement,"98,826,000","24,000,000","23,000,000","25,722,000","26,104,000","27,207,000","27,167,000","33,132,000","20,135,000","15,286,000","14,402,000","19,196,000","16,715,000","16,489,000","16,631,000","21,890,000","20,003,000","19,794,000","20,417,000","26,147,000","26,315,000","26,472,000","26,736,000","31,836,000","31,824,000","30,824,000","31,294,000",,,,,,,,,,,,,,,,,,,,,,,,,,,,,,,,,,,,,,,,,,,,,,,,,,,,,,,,,,,,,,,,,,,,,,,,,,,,,,,,,,,,,
		Amortization,"98,826,000","24,000,000","23,000,000","25,722,000","26,104,000","27,207,000","27,167,000","33,132,000","20,135,000","15,286,000","14,402,000","19,196,000","16,715,000","16,489,000","16,631,000","21,890,000","20,003,000","19,794,000","20,417,000","26,147,000","26,315,000","26,472,000","26,736,000","31,836,000","31,824,000","30,824,000","31,294,000",,,,,,,,,,,,,,,,,,,,,,,,,,,,,,,,,,,,,,,,,,,,,,,,,,,,,,,,,,,,,,,,,,,,,,,,,,,,,,,,,,,,,
	NetNonOperatingInterestIncomeExpense,"-129,763,000","-33,000,000","-32,000,000","-31,700,000","-33,063,000","-32,795,000","-32,708,000","-32,248,000","-33,176,000","-35,700,000","-38,346,000","-38,419,000","-41,343,000","-31,139,000","-32,555,000","-31,199,000","-31,328,000","-29,280,000","-29,065,000","-29,774,000","-29,730,000","-30,344,000","-30,636,000","-30,496,000","-29,510,000","-28,749,000","-28,676,000","-18,539,000","-15,943,000","-15,663,000","-16,107,000","-15,827,000","-13,300,000","-4,011,000","-12,736,000","-12,744,000","-4,152,000","-14,334,000","-14,404,000","-9,373,000","-5,937,000","-5,852,000","-5,898,000","-6,187,000","-7,378,000","-7,439,000","-7,521,000","-8,087,000","-8,125,000","-7,758,000","-7,721,000","-7,460,000","-7,371,000","-7,916,000","-7,260,000","-7,015,000","-6,001,000","-5,712,000","-5,712,000","-6,285,000","-6,241,000","-5,788,000","-5,524,000","-5,523,000","-5,524,000","-5,523,000","-5,523,000","-5,523,000","-5,361,000","-5,651,000","-5,555,000","-5,607,000","-5,632,000","-5,629,000","-5,636,000","-5,620,000","-6,334,000","-4,642,000",,,,,,,,,,,,,,,,,,,,,,,,,,,,,,,,,,
		InterestExpenseNonOperating,"129,763,000","33,000,000","32,000,000","31,700,000","33,063,000","32,795,000","32,708,000","32,248,000","33,176,000","35,700,000","38,346,000","38,419,000","41,343,000","31,139,000","32,555,000","31,199,000","31,328,000","29,280,000","29,065,000","29,774,000","29,730,000","30,344,000","30,636,000","30,496,000","29,510,000","28,749,000","28,676,000","18,539,000","15,943,000","15,663,000","16,107,000","15,827,000","13,300,000","4,011,000","12,736,000","12,744,000","4,152,000","14,334,000","14,404,000","9,373,000","5,937,000","5,852,000","5,898,000","6,187,000","7,378,000","7,439,000","7,521,000","8,087,000","8,125,000","7,758,000","7,721,000","7,460,000","7,371,000","7,916,000","7,260,000","7,015,000","6,001,000","5,712,000","5,712,000","6,285,000","6,241,000","5,788,000","5,524,000","5,523,000","5,524,000","5,523,000","5,523,000","5,523,000","5,361,000","5,651,000","5,555,000","5,607,000","5,632,000","5,629,000","5,636,000","5,620,000","6,334,000","4,642,000",,,,,,,,,,,,,,,,,,,,,,,,,,,,,,,,,,
	IncomefromAssociatesandOtherParticipatingInterests,"138,490,000","69,000,000","48,000,000","40,351,000","-18,861,000","58,061,000","36,305,000","67,132,000","105,398,000","122,186,000","71,686,000","89,286,000","126,735,000","-65,119,000","-4,209,000","27,139,000","17,130,000","32,536,000","46,867,000","-6,882,000","15,982,000","8,472,000","28,069,000","30,402,000","31,090,000","32,706,000","48,088,000","16,421,000","16,662,000","8,737,000","6,655,000","5,517,000","-2,118,000","16,167,000","5,889,000","2,424,000","4,966,000","9,240,000","3,253,000","5,272,000","5,665,000","10,941,000","13,823,000","16,567,000",,,,,,,,,,,,,,,,,,,,,,,,,,,,,,,,,,,,,,,,,,,,,,,,,,,,,,,,,,,,,,,,,,,,
	SpecialIncomeCharges,,,,,,,,,,,,,"0","0","-533,000",,,,,,,,,,,,,,,,,,,,,,,,,,,,,,"-16,959,000","31,689,000","-20,688,000","12,613,000","60,040,000","-1,684,000","-36,912,000",,,,,,,,,,,,,,,,,,,,,,,,,,,,,,,,,,,,,,,,,,,,,,,,,,,,,,,,,,,,,
		ImpairmentOfCapitalAssets,,,,,,,,,,,,,,,,,,,,,,,,,,,,,,,,,,,,,,,,,,,,,,,,,,"1,684,000",,,,,,,,,,,,,,,,,,,,,,,,,,,,,,,,,,,,,,,,,,,,,,,,,,,,,,,,,,,,,,
		WriteOff,,,,,,,,,,,,,"0","0","533,000",,,,,,,,,,,,,,,,,,,,,,,,,,,,,,,,,,,,,,,,,,,,,,,,,,,,,,,,,,,,,,,,,,,,,,,,,,,,,,,,,,,,,,,,,,,,,,,,,
	OtherOperatingExpenses,"1,250,023,000","313,000,000","319,000,000","286,093,000","274,747,000","277,392,000","289,943,000","261,787,000","230,832,000","244,943,000","261,033,000","215,697,000","215,686,000","209,249,000","234,544,000","204,408,000","196,512,000","198,914,000","201,163,000","165,515,000","161,098,000","176,181,000","175,015,000","169,624,000","170,127,000","169,981,000","174,719,000","165,609,000","155,557,000","159,590,000","161,652,000","173,812,000","156,959,000","168,608,000","157,882,000","154,595,000","149,480,000","156,350,000","145,799,000","135,069,000","118,070,000","127,408,000","120,183,000","127,751,000","113,429,000","117,701,000","6,979,000","112,499,000","105,998,000","126,702,000","36,912,000","454,864,000","65,157,000","-48,625,000","-38,601,000","-295,204,000","119,498,000","152,952,000","61,911,000","48,906,000","160,670,000","102,280,000","120,774,000","105,396,000","119,201,000","106,955,000","100,555,000","90,450,000","87,042,000","85,513,000","93,230,000","76,729,000","65,267,000","64,787,000","70,938,000","97,525,000","74,448,000","66,408,000","65,424,000","75,260,000","47,393,000","42,732,000","34,294,000","33,798,000","48,990,000","23,490,000","17,560,000","11,301,000","7,674,000","5,036,000","4,038,000","17,205,000","1,502,000","1,678,000","3,680,000",,,,,,,,,,,,,,,,,
PretaxIncome,"2,338,332,000","714,000,000","742,000,000","887,481,000","-5,149,000","421,628,000","184,533,000","617,440,000","301,433,000","745,367,000","439,111,000","633,373,000","512,389,000","492,516,000","-60,729,000","340,104,000","437,305,000","530,317,000","541,384,000","91,336,000","282,122,000","280,015,000","188,299,000","258,605,000","-37,028,000","233,268,000","302,432,000","83,276,000","316,851,000","263,488,000","191,937,000","39,456,000","73,704,000","132,599,000","321,435,000","212,648,000","229,710,000","219,006,000","182,883,000","176,944,000","122,221,000","182,011,000","261,329,000","7,097,000","195,097,000","221,035,000","166,158,000","138,295,000","166,721,000","96,611,000","25,385,000","230,607,000","151,231,000","244,871,000","223,747,000","291,352,000","283,073,000","167,408,000","155,820,000","-134,332,000","31,002,000","203,996,000","203,839,000","239,826,000","208,319,000","211,892,000","213,507,000","244,291,000","194,669,000","157,219,000","143,714,000","113,244,000","-86,933,000","133,810,000","125,314,000","119,964,000","15,747,000","108,974,000","98,442,000","86,137,000","91,681,000","68,353,000","60,329,000","43,420,000","-7,329,000","14,258,000","4,191,000","-1,185,000","1,401,000","12,629,000","11,447,000","-26,977,000","2,585,000","1,380,000","18,397,000","-52,231,000","0","0","0","4,462,000","0","0",,"1,893,000","0","0","0",,,"0","0","0"
TaxProvision,"177,019,000","67,000,000","64,000,000","60,919,000","-14,900,000","22,323,000","11,619,000","34,406,000","4,137,000","51,179,000","38,860,000","34,059,000","23,707,000","26,127,000","27,945,000","27,336,000","38,116,000","44,472,000","45,886,000","35,012,000","33,356,000","23,668,000","21,915,000","56,813,000","8,189,000","34,169,000","28,397,000","-12,298,000","13,231,000","14,131,000","16,310,000","11,450,000","9,704,000","6,780,000","12,678,000","5,514,000","6,446,000","7,289,000","3,738,000","15,454,000","7,396,000","5,071,000","4,853,000","-12,120,000","5,441,000","767,000","1,902,000","-4,977,000","-2,267,000","-1,731,000","-371,000","-3,505,000","3,200,000","1,420,000","6,753,000","195,000","2,205,000","8,818,000","9,490,000","2,179,000","-1,849,000","5,253,000","7,956,000","-1,044,000","2,113,000","6,037,000","8,495,000","-1,448,000","2,371,000","14,332,000","11,424,000","12,351,000","-642,000","7,818,000","9,422,000","12,831,000","-2,282,000","4,692,000","10,987,000","2,403,000","9,910,000","6,569,000","7,843,000","4,907,000","392,000","-4,968,000","225,000","-5,916,000","509,000","4,229,000","3,306,000","-12,605,000","870,000","4,541,000","12,619,000","-11,057,000","-2,800,000","7,900,000","-13,600,000","2,735,000","-3,500,000","1,000,000",,"-1,538,000","1,400,000","-100,000","-200,000",,,"100,000","-100,000","-100,000"
EarningsFromEquityInterestNetOfTax,"105,733,000","22,000,000","39,000,000","36,226,000","8,507,000","4,640,000","24,518,000","40,641,000","124,119,000","24,476,000","75,457,000",,,,,,,,,,,,,,,,,,,,,,,,,,,,,,,,,,,,,,,,,,,,,,,,,,,,"-6,461,000","-6,461,000","-6,461,000","-6,461,000","-6,461,000","-6,461,000","-6,488,000","-5,039,000","-2,667,000",,,,,,,,,,,,,,,,,,,,,"116,000","544,000","609,000","30,000","21,521,000","-6,500,000","23,800,000","-38,200,000","3,264,000","-10,100,000","4,200,000",,"-5,192,000","4,700,000","200,000",,,,"1,100,000","700,000","-200,000"
NetIncomeCommonStockholders,"2,222,421,000","661,000,000","705,000,000","849,504,000","6,917,000","394,160,000","185,616,000","613,081,000","388,751,000","663,820,000","427,753,000","533,141,000","408,636,000","288,418,000","133,714,000","315,981,000","382,050,000","458,551,000","438,125,000","126,091,000","217,006,000","233,243,000","137,276,000","203,535,000","-52,760,000","173,818,000","241,909,000","62,396,000","247,388,000","205,570,000","149,314,000","53,094,000","74,549,000","110,305,000","277,852,000","209,679,000","223,191,000","202,531,000","177,016,000","156,005,000","109,341,000","171,455,000","250,992,000","13,732,000","184,172,000","212,619,000","157,795,000","136,811,000","162,527,000","91,881,000","19,295,000","227,651,000","141,570,000","236,990,000","210,533,000","284,696,000","274,407,000","152,129,000","139,869,000","-142,972,000","26,390,000","192,282,000","189,422,000","234,409,000","199,745,000","199,394,000","198,551,000","239,278,000","185,810,000","137,848,000","129,623,000","100,893,000","-86,291,000","125,992,000","115,892,000","107,133,000","18,029,000","104,282,000","87,455,000","83,734,000","82,587,000","61,784,000","52,486,000","43,511,000","-7,721,000","19,226,000","3,966,000","4,731,000","892,000","8,400,000","8,141,000","-14,256,000","2,259,000","-2,552,000","5,808,000","-19,636,000","-3,700,000","15,900,000","-25,000,000","4,991,000","-6,600,000","3,200,000","1,600,000","-1,761,000","3,300,000","300,000","200,000","1,412,000","900,000","1,000,000","800,000","-100,000"
	NetIncome,"2,262,789,000","671,000,000","715,000,000","859,688,000","17,101,000","404,344,000","195,800,000","623,265,000","419,942,000","675,486,000","438,156,000","543,544,000","419,039,000","298,821,000","144,117,000","326,384,000","392,453,000","468,954,000","448,528,000","136,494,000","227,408,000","243,646,000","150,423,000","214,640,000","-33,656,000","185,167,000","253,127,000","74,013,000","252,872,000","211,055,000","154,798,000","58,579,000","80,033,000","115,790,000","283,336,000","215,164,000","228,675,000","208,016,000","182,500,000","161,490,000","114,825,000","176,940,000","256,476,000","19,217,000","189,656,000","220,268,000","164,256,000","143,272,000","168,988,000","98,342,000","25,756,000","234,112,000","148,031,000","243,451,000","216,994,000","291,157,000","280,868,000","158,590,000","146,330,000","-136,511,000","32,851,000","198,743,000","195,883,000","240,870,000","206,206,000","205,855,000","205,012,000","245,739,000","192,298,000","142,887,000","132,290,000","100,893,000","-86,291,000","125,992,000","115,892,000","107,133,000","18,029,000","104,282,000","87,455,000","83,734,000","82,587,000","61,784,000","52,486,000","43,511,000","-7,721,000","19,226,000","3,966,000","4,731,000","892,000","8,400,000","8,141,000","-14,256,000","2,259,000","-2,552,000","5,808,000","-19,636,000","-3,700,000","15,900,000","-25,000,000","4,991,000","-6,600,000","3,200,000","1,600,000","-1,761,000","3,300,000","300,000","200,000","1,412,000","900,000","1,000,000","800,000","-100,000"
		NetIncomeIncludingNoncontrollingInterests,"2,267,046,000","669,000,000","717,000,000","862,788,000","18,258,000","403,945,000","197,432,000","623,675,000","421,415,000","718,664,000","475,708,000","599,314,000","488,682,000","466,389,000","-88,674,000","312,768,000","399,189,000","485,845,000","495,498,000","56,324,000","248,766,000","256,347,000","166,384,000","201,792,000","-45,217,000","199,099,000","274,035,000","95,574,000","303,620,000","249,357,000","175,627,000","28,006,000","64,000,000","125,819,000","308,757,000","207,134,000","223,264,000","211,717,000","179,145,000","161,490,000","114,825,000","176,940,000","256,476,000","19,217,000","189,656,000","220,268,000","164,256,000","143,272,000","168,988,000","98,342,000","25,756,000","234,112,000","148,031,000","243,451,000","216,994,000","291,157,000","280,868,000","158,590,000","146,330,000","-136,511,000","32,851,000","198,743,000","195,883,000","240,870,000","206,206,000","205,855,000","205,012,000","245,739,000","192,298,000","142,887,000","132,290,000","100,893,000","-86,291,000","125,992,000","115,892,000","107,133,000","18,029,000","104,282,000","87,455,000","83,734,000","82,587,000","61,784,000","52,486,000","43,511,000","-7,721,000","19,226,000","3,966,000","4,731,000","892,000","8,400,000","8,141,000","-14,256,000","2,259,000","-2,552,000","5,808,000","-19,636,000","-3,700,000","15,900,000","-25,000,000","4,991,000","-6,600,000","3,200,000","1,600,000","-1,761,000","3,300,000","300,000","200,000","1,412,000","900,000","1,000,000","800,000","-100,000"
			NetIncomeContinuousOperations,"2,267,046,000","669,000,000","717,000,000","862,788,000","18,258,000","403,945,000","197,432,000","623,675,000","421,415,000","718,664,000","475,708,000","599,314,000","488,682,000","466,389,000","-88,674,000","312,768,000","399,189,000","485,845,000","495,498,000","56,324,000","248,766,000","256,347,000","166,384,000","201,792,000","-45,217,000","199,099,000","274,035,000","95,574,000","303,620,000","249,357,000","175,627,000","28,006,000","64,000,000","125,819,000","308,757,000","207,134,000","223,264,000","211,717,000","179,145,000","161,490,000","114,825,000","176,940,000","256,476,000","19,217,000","189,656,000","220,268,000","164,256,000","143,272,000","168,988,000","98,342,000","25,756,000","234,112,000","148,031,000","243,451,000","216,994,000","291,157,000","280,868,000","158,590,000","146,330,000","-136,511,000","32,851,000","198,743,000","189,422,000","234,409,000","199,745,000","199,394,000","198,551,000","239,278,000","185,810,000","137,848,000","129,623,000","100,893,000","-86,291,000","125,992,000","115,892,000","107,133,000","18,029,000","104,282,000","87,455,000","83,734,000","81,771,000","61,784,000","52,486,000","39,625,000","-7,721,000","19,226,000","3,966,000","4,731,000","892,000","8,400,000","8,141,000","-14,256,000","2,259,000","-2,552,000","5,808,000","-19,653,000","-3,700,000","15,900,000","-24,600,000","4,991,000","-6,600,000","3,200,000","1,600,000","-1,761,000","3,300,000","300,000","200,000","1,412,000","900,000","1,000,000","800,000","-100,000"
			NetIncomeExtraordinary,,,,,,,,,,,,,,,,,,,,,,,,,,,,,,,,,,,,,,,,,,,,,,,,,,,,,,,,,,,,,,,,,,,,,,,,,,,,"0","0",,,"0","816,000",,,,,,,,,,,"0","0","0","0","17,000",,,"-400,000",,,,,,,,,,,,,
			NetIncomeFromTaxLossCarryforward,,,,,,,,,,,,,,,,,,,,,,,,,,,,,,,,,,,,,,,,,,,,,,,,,,,,,,,,,,,,,,,,,,,,,,,,,,,,,,,,"0","816,000",,,,,,,,,,,,,,,,,,,,,,,,,,,,,,,
		MinorityInterests,"-4,257,000","2,000,000","-2,000,000","-3,100,000","-1,157,000","399,000","-1,632,000","-410,000","-1,473,000","-43,178,000","-37,552,000","-55,770,000","-69,643,000","-167,568,000","232,791,000","13,616,000","-6,736,000","-16,891,000","-46,970,000","80,170,000","-21,358,000","-12,701,000","-15,961,000","12,848,000","11,561,000","-13,932,000","-20,908,000","-21,561,000","-50,748,000","-38,302,000","-20,829,000","30,573,000","16,033,000","-10,029,000","-25,421,000","8,030,000","5,411,000","-3,701,000","3,355,000",,,,,,,,,,,,,,,,,,,,,,,,,,,,,,,,,,,,,,,,,,,,,,,,,,,,,,,,,,,,,,,,,,,,,,,,,
	PreferredStockDividends,"40,368,000","10,000,000","10,000,000","10,184,000","10,184,000","10,184,000","10,184,000","10,184,000","16,090,000","11,666,000","10,403,000","10,403,000","10,403,000","10,403,000","10,403,000","10,403,000","10,403,000","10,403,000","10,403,000","10,403,000","10,402,000","10,403,000","10,437,000","11,105,000","12,369,000","11,349,000","11,218,000","11,617,000","5,484,000","5,485,000","5,484,000","5,485,000","5,484,000","5,485,000","5,484,000","5,485,000","5,484,000","5,485,000","5,484,000","5,485,000","5,484,000","5,485,000","5,484,000","5,485,000","5,484,000","7,649,000","6,461,000","6,461,000","6,461,000","6,461,000","6,461,000","6,461,000","6,461,000","6,461,000","6,461,000","6,461,000","6,461,000","-6,461,000","6,461,000","6,461,000","6,461,000","6,461,000","6,461,000","6,461,000","6,461,000","6,461,000","6,461,000","6,461,000","6,488,000","5,039,000","2,667,000",,,,,,,,,,,,,,,,,,,,,,,,,,,,,,,,,,,,,,,,,
	OtherunderPreferredStockDividend,,,,,,,,"0","15,101,000",,,,,,,,,,,"0",,,"2,710,000","0","6,735,000",,,,,,,,,,,,,,,,,,,,,,,,,,,,,,,,,"12,922,000",,,,,,,,,,,,,,,,,,,,,,,,,,,,,,,,,,,,,,,,,,,,,,,,,,,,,,
DilutedNIAvailtoComStockholders,"2,222,421,000","661,000,000","705,000,000","849,504,000","6,917,000","394,160,000","185,616,000","613,081,000","388,751,000","663,820,000","427,753,000","533,141,000","408,636,000","288,418,000","133,714,000","315,981,000","382,050,000","458,551,000","438,125,000","126,091,000","217,006,000","233,243,000","137,276,000","203,535,000","-52,760,000","173,818,000","241,909,000","62,396,000","247,388,000","205,570,000","149,314,000","53,094,000","74,549,000","110,305,000","277,852,000","209,679,000","223,191,000","202,531,000","177,016,000","156,005,000","109,341,000","171,455,000","250,992,000","13,732,000","184,172,000","212,619,000","157,795,000","136,811,000","162,527,000","91,881,000","19,295,000","227,651,000","141,570,000","236,990,000","210,533,000","284,696,000","274,407,000","152,129,000","139,869,000","-142,972,000","26,390,000","192,282,000","189,422,000","234,409,000","199,745,000","199,394,000","198,551,000","239,278,000","185,810,000","137,848,000","129,623,000","100,893,000","-86,291,000","125,992,000","115,892,000","107,133,000","18,029,000","104,282,000","87,455,000","83,734,000","82,587,000","61,784,000","52,486,000","43,511,000","-7,721,000","19,226,000","3,966,000","4,731,000","892,000","8,400,000","8,141,000","-14,256,000","2,259,000","-2,552,000","5,808,000","-19,636,000","-3,700,000","15,900,000","-25,000,000","4,991,000","-6,600,000","3,200,000","1,600,000","-1,761,000","3,300,000","300,000","200,000","1,412,000","900,000","1,000,000","800,000","-100,000"
BasicEPS,,"1.79","1.92","2.32","0.02","1.07","0.5","1.62","1","1.67","1.07","1.32","1.01","0.72","0.33","0.78","0.95","1.14","1.09","0.31","0.54","0.58","0.337","0.5","-0.13","0.43","0.6","0.17","0.683","0.567","0.413","0.147","0.207","0.303","0.747","0.55","0.563","0.51","0.447","0.397","0.277","0.437","0.64","0.033","0.453","0.527","0.393","0.347","0.413","0.233","0.048","0.527","0.321","0.517","0.441","0.543","0.507","0.28","0.258","-0.248","0.049","0.339","0.322","0.38","0.319","0.306","0.299","0.362","0.282","0.209","0.198","0.307","-0.276","0.406","0.374","0.358","0.061","0.362","0.357","0.35","0.35","0.262","0.224","0.232","-0.04","0.106","0.033","0.04","0.008","0.072","0.071","-0.113","0.02","-0.023","0.041","-0.128","-0.024","0.103","-0.162","0.032","-0.043","0.021","0.01","-0.011","0.021","0.002","0.001","0.009","0.006","0.007","0.006","-0.001"
DilutedEPS,,"1.75","1.87","2.26","0.02","1.04","0.48","1.58","0.98","1.63","1.05","1.3","1","0.71","0.32","0.76","0.92","1.12","1.07","0.31","0.53","0.56","0.33","0.487","-0.13","0.417","0.58","0.167","0.66","0.55","0.4","0.14","0.2","0.293","0.72","0.533","0.547","0.493","0.433","0.38","0.267","0.42","0.617","0.033","0.443","0.513","0.38","0.337","0.397","0.223","0.046","0.5","0.308","0.494","0.421","0.521","0.488","0.27","0.249","-0.248","0.047","0.324","0.309","0.364","0.307","0.294","0.288","0.347","0.271","0.201","0.19","0.149","-0.276","0.188","0.174","0.162","0.028","0.158","0.14","0.137","0.136","0.101","0.087","0.08","-0.04","0.037","0.009","0.039","0.008","0.072","0.071","-0.113","0.02","-0.023","0.041","-0.128","-0.024","0.103","-0.162","0.031","-0.043","0.02","0.01","-0.011","0.021","0.002","0.001","0.009","0.006","0.007","0.006","-0.001"
BasicAverageShares,,"368,700,000","367,300,000","365,872,744","365,190,527","369,200,000","374,200,000","379,431,442","389,274,220","397,743,402","400,807,895","403,005,335","402,850,485","402,503,687","403,892,161","402,941,290","402,564,121","401,482,784","400,184,404","402,185,557","402,939,092","404,800,421","407,539,728","406,280,748","404,656,353","403,459,992","402,104,781","363,588,744","362,816,748","361,797,180","361,284,537","362,101,572","361,702,230","365,157,642","372,627,828","380,571,123","395,837,886","397,951,902","395,573,730","394,894,818","394,485,888","394,131,822","392,723,706","402,687,234","405,202,080","403,587,387","401,863,869","397,850,454","394,682,553","393,696,807","400,497,723","429,722,244","440,980,119","458,887,860","477,351,234","516,204,108","541,405,971","543,756,519","542,821,950","540,299,430","540,989,388","566,959,950","587,659,644","612,378,954","626,056,101","652,453,407","665,387,964","661,630,059","659,197,242","658,692,909","656,093,241","339,184,863","312,756,930","311,072,085","309,283,362","305,384,976","296,865,765","288,214,785","245,501,982","239,355,594","236,301,975","235,669,005","234,155,817","229,055,850","193,475,016","182,908,026","117,167,679","116,443,188","115,783,110","115,490,349","115,079,679","112,539,195","111,624,237","111,414,339","139,654,467","153,773,352","153,792,000","153,772,434","153,779,409","153,671,940","153,594,000","151,578,947","153,522,000","146,810,000","156,315,789","153,207,000","153,225,000","159,375,000","162,000,000","150,000,000","144,000,000","142,605,000"
DilutedAverageShares,,"378,400,000","377,600,000","375,319,528","373,727,277","377,900,000","384,200,000","388,869,378","397,903,347","406,485,994","409,223,253","410,281,852","409,194,657","408,119,681","414,033,570","414,124,920","413,180,201","410,899,483","408,971,029","410,112,097","411,721,214","413,111,205","417,893,802","418,735,890","404,656,353","417,733,938","417,143,016","376,281,777","374,794,959","373,096,788","373,489,488","375,935,826","375,035,319","377,656,260","385,353,162","392,565,654","407,629,815","410,669,832","409,688,151","409,403,994","408,103,239","407,547,150","406,227,864","414,812,559","416,090,802","414,635,208","413,444,718","412,593,402","411,422,787","413,926,797","421,381,548","451,217,538","460,638,081","479,387,727","499,624,443","539,440,596","562,804,344","563,636,853","563,039,721","563,080,482","565,478,190","591,733,071","612,174,717","637,619,823","651,410,460","677,293,614","689,766,174","689,952,330","686,555,190","685,398,942","682,697,781","679,188,537","312,756,930","669,712,977","666,121,914","664,234,074","661,927,050","661,500,369","622,305,540","616,438,674","609,972,498","609,559,182","602,456,058","603,412,137","193,475,016","529,897,635","467,972,541","121,621,842","116,080,614","115,596,000","115,132,032","112,539,195","111,645,909","111,434,184","139,665,069","153,773,352","153,792,000","153,772,434","153,921,177","156,554,028","160,605,000","160,000,000","159,147,000","148,724,732","156,315,789","153,207,000","153,225,000","159,375,000","162,000,000","150,000,000","144,000,000","142,605,000"
NetIncomeFromContinuingAndDiscontinuedOperation,"2,262,789,000","671,000,000","715,000,000","859,688,000","17,101,000","404,344,000","195,800,000","623,265,000","419,942,000","675,486,000","438,156,000","543,544,000","419,039,000","298,821,000","144,117,000","326,384,000","392,453,000","468,954,000","448,528,000","136,494,000","227,408,000","243,646,000","150,423,000","214,640,000","-33,656,000","185,167,000","253,127,000","74,013,000","252,872,000","211,055,000","154,798,000","58,579,000","80,033,000","115,790,000","283,336,000","215,164,000","228,675,000","208,016,000","182,500,000","161,490,000","114,825,000","176,940,000","256,476,000","19,217,000","189,656,000","220,268,000","164,256,000","143,272,000","168,988,000","98,342,000","25,756,000","234,112,000","148,031,000","243,451,000","216,994,000","291,157,000","280,868,000","158,590,000","146,330,000","-136,511,000","32,851,000","198,743,000","195,883,000","240,870,000","206,206,000","205,855,000","205,012,000","245,739,000","192,298,000","142,887,000","132,290,000","100,893,000","-86,291,000","125,992,000","115,892,000","107,133,000","18,029,000","104,282,000","87,455,000","83,734,000","80,955,000","61,784,000","52,486,000","35,739,000","-7,721,000","19,226,000","3,966,000","4,731,000","892,000","8,400,000","8,141,000","-14,256,000","2,259,000","-2,552,000","5,808,000","-19,653,000","-3,700,000","15,900,000","-24,600,000","4,991,000","-6,600,000","3,200,000","1,600,000","-1,761,000","3,300,000","300,000","200,000","1,412,000","900,000","1,000,000","800,000","-100,000"
NormalizedIncome,"2,262,789,000","671,000,000","715,000,000","859,688,000","17,101,000","404,344,000","195,800,000","623,265,000","419,942,000","675,486,000","438,156,000","543,544,000","419,039,000","298,821,000","144,117,000","326,384,000","392,453,000","468,954,000","448,528,000","136,494,000","227,408,000","243,646,000","150,423,000","214,640,000","-33,656,000","185,167,000","253,127,000","74,013,000","252,872,000","211,055,000","154,798,000","58,579,000","80,033,000","115,790,000","283,336,000","215,164,000","228,675,000","208,016,000","182,500,000","161,490,000","114,825,000","176,940,000","256,476,000","19,217,000","189,656,000","220,268,000","164,256,000","135,073,550","168,988,000","99,436,600","25,756,000","234,112,000","148,031,000","243,451,000","216,994,000","291,157,000","280,868,000","158,590,000","146,330,000","-136,511,000","32,851,000","198,743,000","195,883,000","240,870,000","206,206,000","205,855,000","205,012,000","245,739,000","192,298,000","142,887,000","132,290,000","100,893,000","-86,291,000","125,992,000","115,892,000","107,133,000","18,029,000","104,282,000","87,455,000","83,734,000","80,955,000","61,784,000","52,486,000","35,739,000","-7,721,000","19,226,000","3,966,000","4,731,000","892,000","8,400,000","8,141,000","-14,256,000","2,259,000","-2,552,000","5,808,000","-19,653,000","-3,700,000","15,900,000","-24,600,000","4,991,000","-6,600,000","3,200,000","1,600,000","-1,761,000","3,300,000","300,000","200,000","1,412,000","900,000","1,000,000","800,000","-100,000"
EBIT,"2,468,095,000","747,000,000","774,000,000","919,181,000","27,914,000","454,423,000","217,241,000","649,688,000","334,609,000","781,067,000","477,457,000","671,792,000","553,732,000","523,655,000","-28,174,000","371,303,000","468,633,000","559,597,000","570,449,000","121,110,000","311,852,000","310,359,000","218,935,000","289,101,000","-7,518,000","262,017,000","331,108,000","101,815,000","332,794,000","279,151,000","208,044,000","55,283,000","87,004,000","136,610,000","334,171,000","225,392,000","233,862,000","233,340,000","197,287,000","186,317,000","128,158,000","187,863,000","267,227,000","13,284,000","202,475,000","228,474,000","173,679,000","146,382,000","174,846,000","104,369,000","33,106,000","238,067,000","158,602,000","252,787,000","231,007,000","298,367,000","289,074,000","173,120,000","161,532,000","-128,047,000","37,243,000","209,784,000","209,363,000","245,349,000","213,843,000","217,415,000","219,030,000","249,814,000","200,030,000","162,870,000","149,269,000","118,851,000","-81,301,000","139,439,000","130,950,000","125,584,000","22,081,000","113,616,000",,,,,,,,,,,,,,,,,,,,,,,,,,,,,,,,,,
ReconciledDepreciation,"98,826,000","24,000,000","23,000,000","25,722,000","26,104,000","27,207,000","27,167,000","33,132,000","20,135,000","15,286,000","14,402,000","19,196,000","16,715,000","16,489,000","16,631,000","21,890,000","20,003,000","19,794,000","20,417,000","26,147,000","26,315,000","26,472,000","26,736,000","31,836,000","31,824,000","30,824,000","31,294,000",,,,,,,,,,,,,,,,,,,,,,,,,,,,,,,,,,,,,,,,,,,,,,,,,,,,,,,,,,,,,,,,,,,,,,,,,,,,,,,,,,,,,
NetIncomeFromContinuingOperationNetMinorityInterest,"2,262,789,000","671,000,000","715,000,000","859,688,000","17,101,000","404,344,000","195,800,000","623,265,000","419,942,000","675,486,000","438,156,000","543,544,000","419,039,000","298,821,000","144,117,000","326,384,000","392,453,000","468,954,000","448,528,000","136,494,000","227,408,000","243,646,000","150,423,000","214,640,000","-33,656,000","185,167,000","253,127,000","74,013,000","252,872,000","211,055,000","154,798,000","58,579,000","80,033,000","115,790,000","283,336,000","215,164,000","228,675,000","208,016,000","182,500,000","161,490,000","114,825,000","176,940,000","256,476,000","19,217,000","189,656,000","220,268,000","164,256,000","143,272,000","168,988,000","98,342,000","25,756,000","234,112,000","148,031,000","243,451,000","216,994,000","291,157,000","280,868,000","158,590,000","146,330,000","-136,511,000","32,851,000","198,743,000","195,883,000","240,870,000","206,206,000","205,855,000","205,012,000","245,739,000","192,298,000","142,887,000","132,290,000","100,893,000","-86,291,000","125,992,000","115,892,000","107,133,000","18,029,000","104,282,000","87,455,000","83,734,000","80,955,000","61,784,000","52,486,000","35,739,000","-7,721,000","19,226,000","3,966,000","4,731,000","892,000","8,400,000","8,141,000","-14,256,000","2,259,000","-2,552,000","5,808,000","-19,653,000","-3,700,000","15,900,000","-24,600,000","4,991,000","-6,600,000","3,200,000","1,600,000","-1,761,000","3,300,000","300,000","200,000","1,412,000","900,000","1,000,000","800,000","-100,000"
TotalUnusualItemsExcludingGoodwill,,,,,,,,,,,,,"0","0","-533,000",,,,,,,,,,,,,,,,,,,,,,,,,,,,,,"-16,959,000","31,689,000","-20,688,000","12,613,000","60,040,000","-1,684,000","-36,912,000",,,,,,,,,,,,,,,,,,,,,,,,,,,,,,,,,,,,,,,,,,,,,,,,,,,,,,,,,,,,,
TotalUnusualItems,,,,,,,,,,,,,"0","0","-533,000",,,,,,,,,,,,,,,,,,,,,,,,,,,,,,"-16,959,000","31,689,000","-20,688,000","12,613,000","60,040,000","-1,684,000","-36,912,000",,,,,,,,,,,,,,,,,,,,,,,,,,,,,,,,,,,,,,,,,,,,,,,,,,,,,,,,,,,,,
TaxRateForCalcs,"0.076","0.08","0.082","0.066","0.016","0.052","0.063","0.047","0.01","0.07","0.106","0.058","0.053","0.053","0.27","0.077","0.089","0.087","0.093","0.204","0.128","0.088","0.127","0.154","0.074","0.144","0.134","0.021","0.065","0.059","0.096","0.154","0.132","0.055","0.043","0.025","0.028","0.033","0.02","0.087","0.061","0.028","0.019","0.038","0.028","0.003","0.011","0.35","0.35","0.35","0.35","0.35","0.021","0.006","0.03","0.001","0.008","0.053","0.061","0.35","0.35","0.026","0.039","0.35","0.01","0.028","0.04","0.4","0.012","0.091","0.079","0.109","0.007","0.058","0.075","0.107","0.4","0.043","0.112","0.028","0.108","0.096","0.13","0.113","0.4","0.4","0.054","0.4","0.363","0.335","0.289","0.4","0.337","0.4","0.4","0.212","0","0","0","0.4","0","0","0.4","0.4","0","0","0","0.4","0.4","0","0","0"
TaxEffectOfUnusualItems,"0","0","0","0","0","0","0","0","0","0","0","0","0","0","0","0","0","0","0","0","0","0","0","0","0","0","0","0","0","0","0","0","0","0","0","0","0","0","0","0","0","0","0","0","0","0","0","4,414,550","0","-589,400","0","0","0","0","0","0","0","0","0","0","0","0","0","0","0","0","0","0","0","0","0","0","0","0","0","0","0","0","0","0","0","0","0","0","0","0","0","0","0","0","0","0","0","0","0","0","0","0","0","0","0","0","0","0","0","0","0","0","0","0","0","0"
InterestExpense,"129,763,000","33,000,000","32,000,000","31,700,000","33,063,000","32,795,000","32,708,000","32,248,000","33,176,000","35,700,000","38,346,000","38,419,000","41,343,000","31,139,000","32,555,000","31,199,000","31,328,000","29,280,000","29,065,000","29,774,000","29,730,000","30,344,000","30,636,000","30,496,000","29,510,000","28,749,000","28,676,000","18,539,000","15,943,000","15,663,000","16,107,000","15,827,000","13,300,000","4,011,000","12,736,000","12,744,000","4,152,000","14,334,000","14,404,000","9,373,000","5,937,000","5,852,000","5,898,000","6,187,000","7,378,000","7,439,000","7,521,000","8,087,000","8,125,000","7,758,000","7,721,000","7,460,000","7,371,000","7,916,000","7,260,000","7,015,000","6,001,000","5,712,000","5,712,000","6,285,000","6,241,000","5,788,000","5,524,000","5,523,000","5,524,000","5,523,000","5,523,000","5,523,000","5,361,000","5,651,000","5,555,000","5,607,000","5,632,000","5,629,000","5,636,000","5,620,000","6,334,000","4,642,000",,,,,,,,,,,,,,,,,,,,,,,,,,,,,,,,,,