name,ttm,07/31/2023,04/30/2023,01/31/2023,10/31/2022,07/31/2022,04/30/2022,01/31/2022,10/31/2021,07/31/2021,04/30/2021,01/31/2021,10/31/2020,07/31/2020,04/30/2020,01/31/2020,10/31/2019,07/31/2019,04/30/2019,01/31/2019,10/31/2018,07/31/2018,04/30/2018,01/31/2018,10/31/2017,07/31/2017,04/30/2017,01/31/2017,10/31/2016,07/31/2016,04/30/2016,01/31/2016,10/31/2015,07/31/2015,04/30/2015,01/31/2015,10/31/2014,07/31/2014,04/30/2014,01/31/2014,10/31/2013,07/31/2013,04/30/2013,01/31/2013,10/31/2012,07/31/2012,04/30/2012,01/31/2012,10/31/2011,07/31/2011,04/30/2011,01/31/2011,10/31/2010,07/31/2010,04/30/2010,01/31/2010,10/31/2009,07/31/2009,04/30/2009,01/31/2009,10/31/2008,07/31/2008,04/30/2008,01/31/2008,10/31/2007,07/31/2007,04/30/2007,01/31/2007,10/31/2006,07/31/2006,04/30/2006,01/31/2006,10/31/2005,07/31/2005,04/30/2005,01/31/2005,10/31/2004,07/31/2004,04/30/2004,01/31/2004,10/31/2003,07/31/2003,04/30/2003,01/31/2003,10/31/2002,07/31/2002,04/30/2002,01/31/2002,10/31/2001,07/31/2001,04/30/2001,01/31/2001,10/31/2000,07/31/2000,04/30/2000,01/31/2000,10/31/1999,07/31/1999,04/30/1999,01/31/1999,10/31/1998,07/31/1998,04/30/1998,01/31/1998,10/31/1997,07/31/1997,04/30/1997,01/31/1997,10/31/1996,07/31/1996,04/30/1996,01/31/1996,10/31/1995,07/31/1995,04/30/1995,01/31/1995,10/31/1994,07/31/1994,04/30/1994,01/31/1994,10/31/1993,07/31/1993,04/30/1993,01/31/1993,10/31/1992,07/31/1992,04/30/1992,01/31/1992,10/31/1991,07/31/1991,04/30/1991,01/31/1991,10/31/1990,07/31/1990,04/30/1990,01/31/1990,10/31/1989,07/31/1989,04/30/1989,01/31/1989,10/31/1988,07/31/1988,04/30/1988,01/31/1988,10/31/1987,07/31/1987,04/30/1987,01/31/1987,10/31/1986,07/31/1986,04/30/1986,01/31/1986,10/31/1985
TotalRevenue,"5,212,000,000","1,345,000,000","1,269,000,000","1,318,000,000","1,280,000,000","1,237,000,000","1,170,000,000","1,211,600,000","1,125,800,000","1,059,700,000","989,300,000","1,039,200,000","952,400,000","913,100,000","885,700,000","899,300,000","842,700,000","796,800,000","735,500,000","737,300,000","660,900,000","611,700,000","559,900,000","553,800,000","515,300,000","501,800,000","485,700,000","478,800,000","489,600,000","550,700,000","511,900,000","648,300,000","599,800,000","609,500,000","646,500,000","664,600,000","618,000,000","637,100,000","592,500,000","586,600,000","555,200,000","561,700,000","570,400,000","606,900,000","548,000,000","568,700,000","588,600,000","592,400,000","548,600,000","546,300,000","528,300,000","527,700,000","476,700,000","472,800,000","474,600,000","456,100,000","416,900,000","414,900,000","425,800,000","489,800,000","607,100,000","619,500,000","598,800,000","599,100,000","538,400,000","525,900,000","508,600,000","497,400,000","456,800,000","449,600,000","436,000,000","416,835,000","378,262,000","372,984,000","355,119,000","356,155,000","300,158,000","279,578,000","297,876,000","295,310,000","233,862,000","211,705,000","210,766,000","195,516,000","188,701,000","211,401,000","229,327,000","254,034,000","216,357,000","231,360,000","245,740,000","264,896,000","221,849,000","226,250,000","223,329,000","220,182,000","202,100,000","202,900,000","194,900,000","189,200,000","177,200,000","186,600,000","187,200,000","181,800,000","162,200,000","154,100,000","119,000,000","115,000,000","116,600,000","128,700,000","136,300,000","126,300,000","128,500,000","140,700,000","138,700,000","129,600,000","108,200,000","110,300,000","106,600,000","102,100,000","98,200,000","103,600,000","101,700,000","98,600,000","93,800,000","85,500,000","75,400,000","58,100,000","73,600,000","72,800,000","69,500,000","62,300,000","62,400,000","58,000,000","55,200,000","50,000,000","46,400,000","43,400,000","38,800,000","34,000,000","30,300,000","27,300,000","25,800,000","23,000,000","20,200,000","18,800,000","17,300,000","15,500,000","13,700,000","12,200,000","11,000,000","10,000,000","7,700,000"
	OperatingRevenue,"4,923,000,000","1,284,000,000","1,207,000,000","1,228,000,000","1,204,000,000","1,177,000,000","1,107,000,000","1,144,200,000","1,088,300,000","1,033,600,000","966,600,000","980,500,000","924,200,000","892,400,000","865,100,000","857,300,000","806,200,000","767,200,000","707,800,000","687,400,000","631,400,000","587,000,000","531,600,000","553,800,000","515,300,000","501,800,000","485,700,000","478,800,000","489,600,000","550,700,000","511,900,000","648,300,000","599,800,000","609,500,000","646,500,000","664,600,000","618,000,000","637,100,000","592,500,000","586,600,000","555,200,000","561,700,000","570,400,000","606,900,000","548,000,000","568,700,000","588,600,000","592,400,000","548,600,000","546,300,000","528,300,000","527,700,000","476,700,000","472,800,000","474,600,000","456,100,000","416,900,000","414,900,000","425,800,000","489,800,000","607,100,000","619,500,000","598,800,000","599,100,000","538,400,000","525,900,000","508,600,000","497,400,000","456,800,000","449,600,000","436,000,000","416,835,000","378,262,000","372,984,000","355,119,000","356,155,000","300,158,000","279,578,000","297,876,000","295,310,000","233,862,000","211,705,000","210,766,000","195,516,000","188,701,000","211,401,000","229,327,000","254,034,000","216,357,000","231,360,000","245,740,000","264,896,000","221,849,000","226,250,000","223,329,000","220,182,000","202,100,000","202,900,000","194,900,000","189,200,000","177,200,000","186,600,000","187,200,000","181,800,000","162,200,000","154,100,000","119,000,000","115,000,000","116,600,000","128,700,000","136,300,000","126,300,000","128,500,000","140,700,000","138,700,000","129,600,000","108,200,000","110,300,000","106,600,000","102,100,000","98,200,000","103,600,000","101,700,000","98,600,000","93,800,000","85,500,000","75,400,000","58,100,000","73,600,000","72,800,000","69,500,000","62,300,000","62,400,000","58,000,000","55,200,000","50,000,000","46,400,000","43,400,000","38,800,000","34,000,000","30,300,000","27,300,000","25,800,000","23,000,000","20,200,000","18,800,000","17,300,000","15,500,000","13,700,000","12,200,000","11,000,000","10,000,000","7,700,000"
CostOfRevenue,"498,000,000","127,000,000","127,000,000","124,000,000","120,000,000","119,000,000","117,000,000","113,200,000","107,100,000","105,400,000","92,800,000","90,600,000","83,700,000","80,900,000","81,900,000","83,200,000","79,500,000","79,500,000","82,700,000","77,000,000","72,300,000","69,800,000","66,800,000","73,100,000","77,500,000","74,600,000","78,200,000","82,900,000","81,500,000","85,100,000","92,500,000","94,900,000","91,000,000","93,000,000","91,800,000","89,500,000","86,000,000","87,900,000","78,700,000","71,900,000","67,100,000","67,800,000","67,500,000","62,000,000","58,000,000","59,800,000","58,800,000","57,500,000","59,600,000","57,400,000","54,600,000","48,400,000","48,500,000","48,400,000","51,300,000","44,400,000","45,000,000","50,100,000","52,300,000","49,100,000","52,700,000","59,500,000","57,800,000","50,800,000","51,600,000","51,900,000","52,700,000","54,600,000","56,300,000","55,800,000","49,900,000","40,523,000","42,398,000","44,472,000","43,507,000","43,961,000","43,394,000","40,216,000","41,872,000","40,917,000","35,364,000","34,896,000","36,951,000","33,425,000","31,835,000","34,210,000","40,692,000","41,486,000","37,799,000","35,193,000","36,725,000","26,854,000","27,544,000","28,555,000","24,930,000","25,848,000","24,900,000","21,100,000","22,800,000","-9,700,000","9,100,000","6,400,000","7,400,000","6,200,000","6,100,000","6,700,000","7,900,000","5,400,000","6,200,000","8,100,000","9,800,000","11,000,000","9,500,000","10,500,000","10,600,000","11,600,000","7,700,000","8,000,000","9,400,000","10,400,000","9,400,000","11,400,000","11,600,000","16,100,000","14,300,000","9,300,000","7,600,000","6,300,000","6,400,000","5,900,000","5,800,000","3,600,000","3,000,000","3,200,000","4,200,000","3,600,000","3,900,000",,,,,,,,,,,,,,,,
GrossProfit,"4,714,000,000","1,218,000,000","1,142,000,000","1,194,000,000","1,160,000,000","1,118,000,000","1,053,000,000","1,098,400,000","1,018,700,000","954,300,000","896,500,000","948,600,000","868,700,000","832,200,000","803,800,000","816,100,000","763,200,000","717,300,000","652,800,000","660,300,000","588,600,000","541,900,000","493,100,000","480,700,000","437,800,000","427,200,000","407,500,000","395,900,000","408,100,000","465,600,000","419,400,000","553,400,000","508,800,000","516,500,000","554,700,000","575,100,000","532,000,000","549,200,000","513,800,000","514,700,000","488,100,000","493,900,000","502,900,000","544,900,000","490,000,000","508,900,000","529,800,000","534,900,000","489,000,000","488,900,000","473,700,000","479,300,000","428,200,000","424,400,000","423,300,000","411,700,000","371,900,000","364,800,000","373,500,000","440,700,000","554,400,000","560,000,000","541,000,000","548,300,000","486,800,000","474,000,000","455,900,000","442,800,000","400,500,000","393,800,000","386,100,000","376,312,000","335,864,000","328,512,000","311,612,000","312,194,000","256,764,000","239,362,000","256,004,000","254,393,000","198,498,000","176,809,000","173,815,000","162,091,000","156,866,000","177,191,000","188,635,000","212,548,000","178,558,000","196,167,000","209,015,000","238,042,000","194,305,000","197,695,000","198,399,000","194,334,000","177,200,000","181,800,000","172,100,000","198,900,000","168,100,000","180,200,000","179,800,000","175,600,000","156,100,000","147,400,000","111,100,000","109,600,000","110,400,000","120,600,000","126,500,000","115,300,000","119,000,000","130,200,000","128,100,000","118,000,000","100,500,000","102,300,000","97,200,000","91,700,000","88,800,000","92,200,000","90,100,000","82,500,000","79,500,000","76,200,000","67,800,000","51,800,000","67,200,000","66,900,000","63,700,000","58,700,000","59,400,000","54,800,000","51,000,000","46,400,000","42,500,000",,,,,,,,,,,,,,,,
OperatingExpense,"3,702,000,000","956,000,000","925,000,000","917,000,000","904,000,000","876,000,000","839,000,000","956,000,000","825,400,000","806,200,000","762,700,000","764,200,000","700,700,000","686,100,000","673,200,000","682,300,000","652,500,000","643,300,000","627,800,000","618,100,000","570,200,000","552,800,000","525,900,000","568,700,000","537,800,000","534,300,000","527,400,000","554,000,000","524,800,000","512,500,000","522,100,000","563,100,000","523,600,000","512,200,000","533,200,000","561,100,000","517,400,000","498,500,000","469,300,000","456,700,000","415,600,000","408,600,000","421,100,000","453,100,000","420,500,000","416,000,000","435,800,000","443,100,000","398,800,000","395,200,000","395,100,000","405,900,000","359,000,000","342,700,000","365,400,000","355,200,000","340,700,000","335,700,000","355,400,000","534,300,000","414,800,000","441,200,000","421,100,000","424,200,000","381,200,000","359,500,000","354,500,000","323,100,000","331,900,000","291,700,000","326,800,000","279,065,000","242,827,000","239,618,000","220,990,000","222,233,000","199,984,000","186,301,000","194,233,000","193,462,000","170,558,000","162,868,000","167,208,000","153,541,000","151,425,000","163,063,000","165,905,000","166,629,000","158,436,000","167,005,000","172,414,000","199,531,000","165,219,000","163,695,000","161,216,000","165,523,000","166,900,000","187,100,000","170,600,000","170,300,000","139,000,000","140,700,000","140,200,000","132,000,000","126,000,000","121,900,000","106,700,000","102,600,000","101,400,000","100,300,000","98,400,000","91,700,000","90,900,000","91,300,000","89,700,000","82,600,000","77,200,000","77,900,000","72,900,000","69,200,000","67,500,000","68,200,000","68,200,000","67,100,000","62,100,000","62,200,000","56,300,000","39,900,000","44,800,000","43,500,000","41,300,000","41,600,000","36,700,000","33,300,000","31,100,000","28,200,000","24,900,000",,,,,,,,,,,,,,,,
	SellingGeneralAndAdministration,"2,355,000,000","590,000,000","588,000,000","594,000,000","583,000,000","561,000,000","539,000,000","655,400,000","532,200,000","518,200,000","489,000,000","505,900,000","458,100,000","444,100,000","446,100,000","455,500,000","429,800,000","418,200,000","412,400,000","421,500,000","385,000,000","368,200,000","349,300,000","381,600,000","341,300,000","335,600,000","334,000,000","357,700,000","325,400,000","311,700,000","318,700,000","350,600,000","317,600,000","310,900,000","329,800,000","360,300,000","324,000,000","309,100,000","298,800,000","294,300,000","266,600,000","259,700,000","270,300,000","303,700,000","266,900,000","271,100,000","283,100,000","293,600,000","257,600,000","256,000,000","258,500,000","279,000,000","236,200,000","223,400,000","238,200,000","238,400,000","231,400,000","225,900,000","231,300,000","261,400,000","279,600,000","288,000,000","277,400,000","291,800,000","258,000,000","244,600,000","239,800,000","223,100,000","223,000,000","193,700,000","227,400,000","190,346,000","168,793,000","166,623,000","155,138,000","158,994,000","140,042,000","127,959,000","136,352,000","125,299,000","121,996,000","117,114,000","119,816,000","113,558,000","110,220,000","116,377,000","120,495,000","122,210,000","113,601,000","118,248,000","120,948,000","137,883,000","106,365,000","104,127,000","101,955,000","107,390,000","107,600,000","116,100,000","115,200,000","105,300,000","92,700,000","93,700,000","92,500,000","88,300,000","81,500,000","79,500,000","71,000,000","68,600,000","68,700,000","68,900,000","68,000,000","66,200,000","64,700,000","64,900,000","63,800,000","60,200,000","54,700,000","53,900,000","51,600,000","8,400,000","62,200,000","62,900,000","62,800,000","63,900,000","57,800,000","57,500,000","52,100,000","36,200,000","41,100,000","39,500,000","37,800,000","37,700,000","32,600,000","30,300,000","28,600,000","25,800,000","23,200,000",,,,,,,,,,,,,,,,
		GeneralAndAdministrativeExpense,"557,000,000","141,000,000","132,000,000","155,000,000","129,000,000","128,000,000","120,000,000","227,600,000","112,800,000","119,400,000","111,900,000","117,100,000","98,800,000","93,200,000","104,800,000","106,000,000","99,100,000","101,400,000","99,100,000","100,700,000","87,400,000","79,100,000","72,900,000","80,100,000","68,800,000","78,000,000","78,300,000","74,100,000","70,400,000","68,600,000","75,800,000","73,200,000","74,200,000","70,100,000","75,900,000","70,400,000","78,900,000","71,500,000","73,400,000","62,000,000","63,200,000","61,600,000","61,500,000","67,700,000","62,300,000","58,700,000","59,900,000","60,100,000","51,400,000","55,000,000","56,600,000","52,100,000","51,100,000","45,900,000","51,700,000","47,100,000","51,100,000","49,500,000","45,500,000",,,,,,,,,,,,,,,,,,,,,,,,,,"28,091,000",,,,,,,,,,,,,,,,,,,,,,,,,,,,,,,,,,,,,,,,,,,,,,,,,,,,,,,,,,,,,,,,,,,,
			SalariesAndWages,,,"84,000,000",,,,,,,,,,,,,,,,,,,,,,,,,,,,,,,,,,,,,,,,,,,,,,,,,,,,,,,,,,,,,,,,,,,,,,,,,,,,,,,,,,,,,,,,,,,,,,,,,,,,,,,,,,,,,,,,,,,,,,,,,,,,,,,,,,,,,,,,,,,,,,,,,,,,,,
			OtherGandA,"557,000,000","141,000,000","132,000,000","155,000,000","129,000,000","128,000,000","120,000,000","227,600,000","112,800,000","119,400,000","111,900,000","117,100,000","98,800,000","93,200,000","104,800,000","106,000,000","99,100,000","101,400,000","99,100,000","100,700,000","87,400,000","79,100,000","72,900,000","80,100,000","68,800,000","78,000,000","78,300,000","74,100,000","70,400,000","68,600,000","75,800,000","73,200,000","74,200,000","70,100,000","75,900,000","70,400,000","78,900,000","71,500,000","73,400,000","62,000,000","63,200,000","61,600,000","61,500,000","67,700,000","62,300,000","58,700,000","59,900,000","60,100,000","51,400,000","55,000,000","56,600,000","52,100,000","51,100,000","45,900,000","51,700,000","47,100,000","51,100,000","49,500,000","45,500,000",,,,,,,,,,,,,,,,,,,,,,,,,,"28,091,000",,,,,,,,,,,,,,,,,,,,,,,,,,,,,,,,,,,,,,,,,,,,,,,,,,,,,,,,,,,,,,,,,,,,
		SellingAndMarketingExpense,"1,798,000,000","449,000,000","456,000,000","439,000,000","454,000,000","433,000,000","419,000,000","427,800,000","419,400,000","398,800,000","377,100,000","388,800,000","359,300,000","350,900,000","341,300,000","349,500,000","330,700,000","316,800,000","313,300,000","320,800,000","297,600,000","289,100,000","276,400,000","301,500,000","272,500,000","257,600,000","255,700,000","283,600,000","255,000,000","243,100,000","242,900,000","277,400,000","243,400,000","240,800,000","253,900,000","289,900,000","245,100,000","237,600,000","225,400,000","232,300,000","203,400,000","198,100,000","208,800,000","236,000,000","204,600,000","212,400,000","223,200,000","233,500,000","206,200,000","201,000,000","201,900,000","226,900,000","185,100,000","177,500,000","186,500,000","191,300,000","180,300,000","176,400,000","185,800,000",,,,,,,,,,,,,,,,,,,,,,,,,,"82,129,000",,,,,,,,,,,,,,,,,,,,,,,,,,,,,,,,,,,,,,,,,,,,,,,,,,,,,,,,,,,,,,,,,,,,
	ResearchAndDevelopment,"1,306,000,000","355,000,000","327,000,000","313,000,000","311,000,000","306,000,000","289,000,000","290,300,000","282,100,000","276,900,000","265,500,000","249,600,000","233,000,000","232,500,000","217,400,000","217,100,000","213,000,000","215,400,000","205,600,000","190,400,000","181,000,000","180,800,000","172,800,000","182,200,000","191,800,000","193,800,000","187,700,000","187,000,000","192,600,000","193,000,000","195,500,000","204,500,000","197,900,000","193,100,000","194,500,000","191,500,000","183,900,000","179,300,000","170,500,000","162,400,000","149,000,000","148,900,000","150,800,000","149,400,000","153,600,000","144,900,000","152,700,000","149,500,000","141,200,000","139,200,000","136,600,000","126,900,000","122,800,000","119,300,000","127,200,000","116,800,000","109,300,000","109,800,000","124,100,000","144,000,000","135,200,000","153,200,000","143,700,000","132,400,000","123,200,000","114,900,000","114,700,000","100,000,000","108,900,000","98,000,000","99,400,000","88,719,000","74,034,000","72,995,000","65,852,000","63,239,000","59,942,000","58,342,000","57,881,000","67,641,000","48,562,000","45,754,000","47,392,000","39,957,000","41,179,000","46,642,000","45,207,000","39,195,000","39,637,000","43,583,000","46,159,000","45,302,000","42,658,000","42,272,000","40,255,000","39,585,000","41,200,000","44,700,000","38,600,000","35,000,000","37,300,000","35,100,000","35,400,000","31,300,000","33,100,000","30,400,000","27,600,000","24,200,000","23,700,000","22,900,000","22,900,000","20,500,000","19,600,000","19,500,000","19,200,000","16,700,000","16,000,000","16,900,000","15,600,000",,,,,,,,,,,,,,,,,,,,,,,,,,,,,,,,,,
	DepreciationAmortizationDepletionIncomeStatement,"41,000,000","11,000,000","10,000,000","10,000,000","10,000,000","9,000,000","11,000,000","10,300,000","11,100,000","11,100,000","8,200,000","8,700,000","9,600,000","9,500,000","9,700,000","9,700,000","9,700,000","9,700,000","9,800,000","6,200,000","4,200,000","3,800,000","3,800,000","4,900,000","4,700,000","4,900,000","5,700,000","9,300,000","6,800,000","7,800,000","7,900,000","8,000,000","8,100,000","8,200,000","8,900,000","9,300,000","9,500,000","10,100,000",,,,,,,,,,,,,,,,,,,,,,,,,,,,,,,,,,,,,,,,,,,,,,"26,000","26,000","44,000","203,000","5,224,000","5,198,000","5,174,000","5,307,000","16,346,000","16,196,000","17,296,000","19,006,000","18,548,000","18,100,000","26,300,000","16,800,000","30,000,000","9,000,000","11,900,000","12,300,000","12,400,000","11,400,000","12,000,000","8,100,000","9,800,000","9,000,000","8,500,000","7,500,000","5,000,000","6,600,000","6,900,000","6,700,000","5,700,000","6,500,000","7,100,000","5,700,000","4,600,000","5,300,000","5,300,000","5,400,000","3,200,000","4,300,000","4,700,000","4,200,000","3,700,000","3,700,000","4,000,000","3,500,000","3,900,000","4,100,000","3,000,000","2,500,000","2,400,000","1,700,000",,,,,,,,,,,,,,,,
		DepreciationAndAmortizationInIncomeStatement,"41,000,000","11,000,000","10,000,000","10,000,000","10,000,000","9,000,000","11,000,000","10,300,000","11,100,000","11,100,000","8,200,000","8,700,000","9,600,000","9,500,000","9,700,000","9,700,000","9,700,000","9,700,000","9,800,000","6,200,000","4,200,000","3,800,000","3,800,000","4,900,000","4,700,000","4,900,000","5,700,000","9,300,000","6,800,000","7,800,000","7,900,000","8,000,000","8,100,000","8,200,000","8,900,000","9,300,000","9,500,000","10,100,000",,,,,,,,,,,,,,,,,,,,,,,,,,,,,,,,,,,,,,,,,,,,,,"26,000","26,000","44,000","203,000","5,224,000","5,198,000","5,174,000","5,307,000","16,346,000","16,196,000","17,296,000","19,006,000","18,548,000","18,100,000","26,300,000","16,800,000","30,000,000","9,000,000","11,900,000","12,300,000","12,400,000","11,400,000","12,000,000","8,100,000","9,800,000","9,000,000","8,500,000","7,500,000","5,000,000","6,600,000","6,900,000","6,700,000","5,700,000","6,500,000","7,100,000","5,700,000","4,600,000","5,300,000","5,300,000","5,400,000","3,200,000","4,300,000","4,700,000","4,200,000","3,700,000","3,700,000","4,000,000","3,500,000","3,900,000","4,100,000","3,000,000","2,500,000","2,400,000","1,700,000",,,,,,,,,,,,,,,,
			Amortization,"41,000,000","11,000,000","10,000,000","10,000,000","10,000,000","9,000,000","11,000,000","10,300,000","11,100,000","11,100,000","8,200,000","8,700,000","9,600,000","9,500,000","9,700,000","9,700,000","9,700,000","9,700,000","9,800,000","6,200,000","4,200,000","3,800,000","3,800,000","4,900,000","4,700,000","4,900,000","5,700,000","9,300,000","6,800,000","7,800,000","7,900,000","8,000,000","8,100,000","8,200,000","8,900,000","9,300,000","9,500,000","10,100,000",,,,,,,,,,,,,,,,,,,,,,,,,,,,,,,,,,,,,,,,,,,,,,"26,000","26,000","44,000","203,000","5,224,000","5,198,000","5,174,000","5,307,000",,,,,,,,,,,,,,,,,,,,,,,,,,,,,,,,,,,,,,,,,,,,,,,,,,,,,,,,,,,,,,
				AmortizationOfIntangiblesIncomeStatement,"41,000,000","11,000,000","10,000,000","10,000,000","10,000,000","9,000,000","11,000,000","10,300,000","11,100,000","11,100,000","8,200,000","8,700,000","9,600,000","9,500,000","9,700,000","9,700,000","9,700,000","9,700,000","9,800,000","6,200,000","4,200,000","3,800,000","3,800,000","4,900,000","4,700,000","4,900,000","5,700,000","9,300,000","6,800,000","7,800,000","7,900,000","8,000,000","8,100,000","8,200,000","8,900,000","9,300,000","9,500,000","10,100,000",,,,,,,,,,,,,,,,,,,,,,,,,,,,,,,,,,,,,,,,,,,,,,"26,000","26,000","44,000","203,000","5,224,000","5,198,000","5,174,000","5,307,000",,,,,,,,,,,,,,,,,,,,,,,,,,,,,,,,,,,,,,,,,,,,,,,,,,,,,,,,,,,,,,
OperatingIncome,"1,012,000,000","262,000,000","217,000,000","277,000,000","256,000,000","242,000,000","214,000,000","142,400,000","193,300,000","148,100,000","133,800,000","184,400,000","168,000,000","146,100,000","130,600,000","133,800,000","110,700,000","74,000,000","25,000,000","42,200,000","18,400,000","-10,900,000","-32,800,000","-88,000,000","-100,000,000","-107,100,000","-119,900,000","-158,100,000","-116,700,000","-46,900,000","-102,700,000","-9,700,000","-14,800,000","4,300,000","21,500,000","14,000,000","14,600,000","50,700,000","44,500,000","58,000,000","72,500,000","85,300,000","81,800,000","91,800,000","69,500,000","92,900,000","94,000,000","91,800,000","90,200,000","93,700,000","78,600,000","73,400,000","69,200,000","81,700,000","57,900,000","56,500,000","31,200,000","29,100,000","18,100,000","-93,600,000","139,600,000","118,800,000","119,900,000","124,100,000","105,600,000","114,500,000","101,400,000","119,700,000","68,600,000","102,100,000","59,300,000","97,247,000","93,037,000","88,894,000","90,622,000","89,961,000","56,780,000","53,061,000","61,771,000","60,931,000","27,940,000","13,941,000","6,607,000","8,550,000","5,441,000","14,128,000","22,730,000","45,919,000","20,122,000","29,162,000","36,601,000","38,511,000","29,086,000","34,000,000","37,183,000","28,811,000","10,300,000","-5,300,000","1,500,000","28,600,000","29,100,000","39,500,000","39,600,000","43,600,000","30,100,000","25,500,000","4,400,000","7,000,000","9,000,000","20,300,000","28,100,000","23,600,000","28,100,000","38,900,000","38,400,000","35,400,000","23,300,000","24,400,000","24,300,000","22,500,000","21,300,000","24,000,000","21,900,000","15,400,000","17,400,000","14,000,000","11,500,000","11,900,000","22,400,000","23,400,000","22,400,000","17,100,000","22,700,000","21,500,000","19,900,000","18,200,000","17,600,000","43,400,000","38,800,000","-36,400,000","30,300,000","27,300,000","25,800,000","-25,000,000","20,200,000","18,800,000","17,300,000","-15,300,000","13,700,000","12,200,000","11,000,000","-7,200,000","7,700,000"
NetNonOperatingInterestIncomeExpense,"-11,000,000","-4,000,000","4,000,000","0","-14,000,000","-10,000,000","-19,000,000","-35,300,000","-5,900,000","-9,300,000","-2,400,000","-13,300,000","-11,900,000","-17,100,000","-40,100,000","-10,500,000","-14,200,000","-7,300,000","-16,200,000","-7,300,000","-3,200,000","1,300,000","-8,500,000","-16,400,000","-11,200,000","-18,800,000","-1,800,000","-1,100,000","-9,400,000","-10,100,000","-3,600,000","-10,800,000","-7,700,000","-3,400,000","300,000","-21,100,000","-3,000,000","-7,000,000","-6,600,000","4,600,000","1,100,000","-1,800,000","-8,800,000","1,500,000","-100,000","-800,000","3,500,000","2,100,000","1,100,000","-800,000","5,900,000","11,700,000","2,500,000","100,000","-3,400,000","1,400,000","5,700,000","10,700,000","1,800,000",,,,,,,,,,,,,,,,,,,,,,,,,,,,,,,,,,,,,,,,,,,,,,,,,,,,,,,,,,,,,,,,,,,,,,,,,,,,,,,,,,,,,,,,,,,,,,
	InterestIncomeNonOperating,,"9,000,000","2,000,000",,,"4,000,000",,,,,,,,,,,,,,,,,,,,,,,,,,,,,,,,,,,,,,,,"800,000","3,500,000",,,,,,,,,,,"10,700,000",,,,,,,,,,,,,,,,,,,,,,,,,,,,,,,,,,,,,,,,,,,,,,,,,,,,,,,,,,,,,,,,,,,,,,,,,,,,,,,,,,,,,,,,,,,,,,,
	InterestExpenseNonOperating,,,,"0","14,000,000","10,000,000","19,000,000","25,800,000","5,900,000","9,300,000","10,600,000","13,300,000","14,600,000","8,000,000","22,300,000","11,700,000","13,900,000","15,400,000","13,000,000","15,500,000","14,700,000","8,700,000","13,200,000","8,400,000","9,200,000","10,000,000","6,900,000","7,200,000","9,700,000","6,200,000","6,500,000","12,900,000","11,000,000","8,000,000","2,000,000","4,700,000","2,800,000","3,300,000","2,400,000","3,000,000","1,800,000","1,900,000","3,100,000",,,,,,,,,,,,,,,,,,,,,,,,,,,,,,,,,,,,,,,,,,,,,,,,,,,,,,,,,,,,,,,,,,,,,,,,,,,,,,,,,,,,,,,,,,,,,,,,,,,,,,,,,,,,,,
	TotalOtherFinanceCost,,"4,000,000","-4,000,000",,,,,"35,300,000",,,"2,400,000",,"11,900,000","17,100,000","40,100,000","10,500,000","14,200,000","7,300,000","16,200,000","7,300,000","3,200,000","-1,300,000","8,500,000","16,400,000","11,200,000","18,800,000","1,800,000","1,100,000","9,400,000","10,100,000","3,600,000","10,800,000","7,700,000","3,400,000","-300,000","21,100,000","3,000,000","7,000,000","6,600,000","-4,600,000","-1,100,000","1,800,000","8,800,000","-1,500,000","100,000","800,000","-3,500,000",,"-1,100,000","800,000","-5,900,000","-11,700,000","-2,500,000","-100,000","3,400,000","-1,400,000","-5,700,000","-3,600,000","-1,800,000",,,,,,,,,,,,,,,,,,,,,,,,,,,,,,,,,,,,,,,,,,,,,,,,,,,,,,,,,,,,,,,,,,,,,,,,,,,,,,,,,,,,,,,,,,,,,,
OtherIncomeExpense,"-3,000,000","-13,000,000","2,000,000","2,000,000","6,000,000","10,000,000","10,000,000","-9,500,000","9,900,000","3,500,000","8,200,000","-7,100,000","2,700,000","-9,100,000","-17,800,000","1,200,000","-100,000","-200,000","-200,000","-1,900,000","-3,700,000","-13,800,000","-22,500,000","-93,900,000","-2,000,000","-500,000","300,000","-9,000,000","-3,200,000","-16,000,000","-52,300,000","2,100,000","3,300,000","4,600,000","2,300,000","-16,400,000","-200,000","-800,000","-2,300,000","-6,300,000","-4,400,000","-1,700,000","-400,000","-7,200,000","-35,200,000","-1,600,000",,"-1,000,000","600,000","1,300,000","2,800,000","-12,100,000",,"-1,900,000","-7,100,000","800,000","-4,900,000","-26,400,000","-39,300,000","-171,400,000","-6,200,000","2,700,000","100,000","-1,900,000","-2,700,000","-5,300,000","800,000",,,,,,,,,"-11,811,000","-2,922,000","-3,717,000","-8,250,000",,,,,"-7,324,000","-13,286,000","-3,735,000","-1,542,000","-16,566,000","2,171,000","-9,774,000","-1,211,000","-2,834,000","-5,462,000","-5,314,000","-1,445,000","1,752,000","-14,700,000",,"-17,300,000","18,200,000","2,300,000","-13,100,000","2,200,000","2,200,000","2,600,000","2,400,000","-55,700,000","2,200,000","100,000","-1,800,000","1,400,000","2,000,000","2,200,000","2,600,000","2,500,000","-23,400,000","1,800,000","1,700,000","1,600,000","1,300,000","2,000,000","1,600,000","2,100,000","2,500,000","3,000,000","3,000,000","3,200,000","3,400,000","3,400,000","2,800,000","2,500,000","3,100,000","3,200,000","2,600,000","2,200,000","2,600,000","1,900,000",,,,,,,,,,,,,,,,
	GainOnSaleOfSecurity,"-14,000,000","-15,000,000","2,000,000","-5,000,000","5,000,000","6,000,000","10,000,000","-11,000,000","9,000,000","-700,000","7,100,000","-8,900,000","-1,300,000","-9,600,000","-18,400,000","1,400,000","-1,000,000","4,500,000","-4,300,000","2,900,000","4,100,000","5,800,000","4,800,000","-9,000,000","-2,200,000","-13,200,000","4,700,000","-900,000","800,000","-4,800,000","1,800,000","2,100,000","-400,000","2,700,000","-600,000","-16,500,000","-300,000","-3,600,000","-6,800,000","7,700,000","100,000","-100,000","-5,500,000",,,"1,500,000",,,,,,,,"-2,900,000",,,,,,,,,,,,,,,,,,,,,,,,,,,,,,,,,,,,,,,,,,,,,,,,,,,,,,,,,,,,,,,,,,,,,,,,,,,,,,,,,,,,,,,,,,,,,,,,,,,
	EarningsFromEquityInterest,,,,,,,,,,,,,,,,,,,,,,,,,,,,,,,,,,,,,,,,,,,,,,,,,,,,,,,,,,,,,,,,,"-700,000","-5,000,000","-1,100,000",,,,,,,,,,,,,,,,,,,,,"0",,,"-1,211,000",,,,,,,,,,,,,,,,,,,,,,,,,,,,,,,,,,,,,,,,,,,,,,,,,,,,,,,,,,,,,,
	SpecialIncomeCharges,,,,,,,,,,,,"0","0","0","0","0","-100,000","-200,000","-200,000","-1,900,000","-3,700,000","-13,800,000","-22,500,000","-93,900,000","0","-500,000","300,000","-9,000,000","-3,200,000","-16,000,000","-52,300,000",,"0","0","0","0","0","-800,000","-2,300,000","-6,300,000","-4,400,000","-1,700,000","-400,000","-7,200,000","-35,200,000","0",,"-1,000,000","0","1,300,000","0","1,900,000","0","-1,900,000","-7,100,000","800,000","-4,900,000","-26,400,000","-39,300,000","-171,400,000","-6,200,000","2,700,000","100,000","-9,400,000","-2,000,000","-300,000","1,900,000",,,,,,,,,"-11,811,000","-2,922,000","-3,717,000","-8,250,000",,,,,"-7,324,000","-13,286,000","-3,735,000","-1,542,000","-16,566,000","2,171,000","-9,774,000",,"-2,834,000","-5,462,000","-5,314,000","-1,445,000","1,752,000","-14,700,000",,"-17,300,000","18,200,000","2,300,000","-13,100,000","2,200,000","2,200,000","2,600,000","2,400,000","-55,700,000","2,200,000","100,000","-1,800,000","1,400,000","2,000,000","2,200,000","2,600,000","2,500,000","-23,400,000","1,800,000","1,700,000","1,600,000","1,300,000","2,000,000","1,600,000","2,100,000","2,500,000","3,000,000","3,000,000","3,200,000","3,400,000","3,400,000","2,800,000","2,500,000","3,100,000","3,200,000","2,600,000","2,200,000","2,600,000","1,900,000",,,,,,,,,,,,,,,,
		RestructuringAndMergernAcquisition,,,,,,,,,,,,"0","0","0","0","0","100,000","200,000","200,000","1,900,000","3,700,000","13,800,000","22,500,000","93,900,000","0","500,000","-300,000","9,000,000","3,200,000","16,000,000","52,300,000",,"0","0","0","0","0","800,000","2,300,000","6,300,000","4,400,000","1,700,000","400,000","7,200,000","35,200,000","0",,"0","0","-1,300,000","0","1,800,000","0","1,900,000","7,100,000","400,000","4,900,000","26,400,000","16,500,000",,,,,,,,,,,,,,,,,"11,811,000","2,922,000","3,717,000","8,250,000",,,,,"7,324,000","13,286,000","3,735,000","1,542,000","16,566,000","7,290,000","9,774,000",,,,,,,,,,,,,,,,,,,,,,,,,,,,,,,,,,,,,,,,,,,,,,,,,,,,,,,,,,,,,,,
		ImpairmentOfCapitalAssets,,,,,,,,,,,,,,,,,,,,,,,,,,,,,,,,,,,,,,,,,,,,,,,,,,,,"0","0","0","0","0","0","0","21,000,000",,,,,,,,,,,,,,,,,,,,,,,,,,,,,,,,,,,,,,,,,,,,,,,,,,,,,,,,,,,,,,,,,,,,,,,,,,,,,,,,,,,,,,,,,,,,,,
		OtherSpecialCharges,,,,,,,,,,,,,,,,,,,,,,,,,,,,,,,,,,,,,,,,,,,,,,"3,100,000",,"1,000,000","-600,000","800,000","-2,800,000",,,"-2,900,000","6,900,000","-1,200,000","-2,600,000","-7,100,000","1,800,000",,,,,,,,,,,,,,,,,,,,,,,,,,,,,"0","-9,461,000",,,,,,,,,,,,,,,,,,,,,,,,,,,,,,,,,,,,,,,,,,,,,,,,,,,,,,,,,,,,,,,,
	OtherNonOperatingIncomeExpenses,"11,000,000","2,000,000","1,000,000","7,000,000","1,000,000","4,000,000",,"1,500,000","900,000","4,200,000","1,100,000","1,800,000","4,000,000","500,000","600,000","-200,000","700,000","3,600,000","1,100,000","5,300,000","7,400,000","4,200,000","-100,000","1,000,000","200,000","4,400,000","400,000","7,000,000","-500,000","900,000","1,100,000","0","3,700,000","1,900,000","2,900,000","100,000","100,000","-100,000","2,600,000","-100,000","2,800,000","200,000","-200,000",,,,,,,,,,,,,,,,,,,,,,,,,,,,,,,,,,,,,,,,,,,,,,,,,,,,,,,,,,,,,,,,,,,,,,,,,,,,,,,,,,,,,,,,,,,,,,,,,,,,,,,,,,,,,,
PretaxIncome,"998,000,000","258,000,000","221,000,000","277,000,000","242,000,000","232,000,000","195,000,000","107,100,000","187,400,000","138,800,000","131,400,000","171,100,000","156,100,000","129,000,000","90,500,000","123,300,000","96,400,000","66,500,000","8,600,000","33,000,000","11,500,000","-23,400,000","-63,800,000","-198,300,000","-111,200,000","-126,400,000","-121,400,000","-168,200,000","-129,300,000","-73,000,000","-158,600,000","-20,500,000","-22,500,000","900,000","21,800,000","-7,100,000","11,600,000","42,900,000","35,600,000","56,300,000","69,200,000","81,800,000","72,600,000","86,100,000","34,200,000","92,100,000","97,500,000","92,900,000","91,300,000","94,200,000","84,500,000","73,000,000","71,700,000","79,900,000","47,400,000","58,700,000","32,000,000","13,400,000","-19,400,000","-129,700,000","136,200,000","125,100,000","126,800,000","130,900,000","110,000,000","117,900,000","111,200,000","124,200,000","74,600,000","104,900,000","62,800,000","101,436,000","96,204,000","91,726,000","93,634,000","82,209,000","56,659,000","51,523,000","55,937,000","66,560,000","29,745,000","17,011,000","9,879,000","3,547,000","-5,356,000","16,109,000","24,166,000","31,098,000","26,618,000","27,390,000","41,587,000","43,079,000","29,996,000","32,987,000","38,711,000","37,020,000","2,100,000","600,000","-15,700,000","46,700,000","31,400,000","26,400,000","41,800,000","45,900,000","32,800,000","27,800,000","-51,400,000","9,300,000","9,100,000","18,500,000","29,600,000","25,700,000","30,200,000","41,400,000","40,900,000","12,100,000","25,000,000","26,100,000","25,900,000","24,000,000","23,300,000","25,600,000","23,900,000","17,800,000","20,300,000","16,900,000","14,800,000","15,200,000","25,900,000","26,200,000","25,000,000","20,100,000","25,800,000","24,000,000","22,000,000","20,700,000","19,500,000",,,,,,,,,,,,,,,,
TaxProvision,"124,000,000","36,000,000","60,000,000","-16,000,000","44,000,000","46,000,000","49,000,000","18,000,000","50,700,000","23,200,000","-24,200,000","-740,200,000","23,900,000","30,800,000","24,000,000","-8,500,000","29,700,000","26,300,000","32,800,000","-31,700,000","35,200,000","16,000,000","18,600,000","-24,800,000","8,600,000","17,600,000","8,200,000","2,300,000","13,500,000","25,200,000","14,400,000","12,200,000","21,300,000","236,400,000","2,700,000","-18,600,000","900,000","11,600,000","7,300,000","2,400,000","11,600,000","20,100,000","17,000,000","11,600,000","4,900,000","27,500,000","18,600,000","20,900,000","18,500,000","23,000,000","15,200,000","11,400,000","18,100,000","20,000,000","10,500,000","8,600,000","2,500,000","2,900,000","12,700,000","-30,300,000","31,700,000","35,300,000","32,200,000","34,400,000","25,200,000","26,300,000","27,900,000","27,800,000","16,600,000","18,100,000","14,300,000","18,449,000","1,667,000","16,428,000","17,556,000","16,441,000","-17,411,000","12,358,000","13,432,000","8,961,000","7,139,000","-15,591,000","2,371,000","-2,866,000","-1,446,000","4,349,000","6,525,000","9,329,000","5,147,000","8,217,000","12,476,000","14,716,000","11,485,000","12,234,000","13,105,000","11,812,000","700,000","200,000","1,400,000","13,600,000","10,700,000","17,300,000","14,200,000","16,500,000","11,800,000","10,000,000","1,300,000","3,300,000","3,200,000","7,900,000","10,500,000","9,400,000","11,000,000","15,100,000","14,900,000","4,400,000","9,100,000","9,500,000","9,500,000","8,600,000","8,400,000","9,100,000","8,500,000","6,600,000","7,500,000","6,300,000","5,500,000","5,700,000","9,700,000","9,800,000","9,300,000","6,900,000","10,200,000","9,500,000","8,600,000","8,200,000","7,600,000",,,,,,,,,,,,,,,,
NetIncomeCommonStockholders,"874,000,000","222,000,000","161,000,000","293,000,000","198,000,000","186,000,000","146,000,000","89,100,000","136,700,000","115,600,000","155,600,000","911,300,000","132,200,000","98,200,000","66,500,000","131,800,000","66,700,000","40,200,000","-24,200,000","64,700,000","-23,700,000","-39,400,000","-82,400,000","-173,500,000","-119,800,000","-144,000,000","-129,600,000","-170,500,000","-142,800,000","-98,200,000","-173,000,000","-32,700,000","-43,800,000","-235,500,000","19,100,000","11,500,000","10,700,000","31,300,000","28,300,000","53,900,000","57,600,000","61,700,000","55,600,000","74,500,000","29,300,000","64,600,000","78,900,000","72,000,000","72,800,000","71,200,000","69,300,000","61,600,000","53,600,000","59,900,000","36,900,000","50,100,000","29,500,000","10,500,000","-32,100,000","-105,400,000","104,500,000","89,800,000","94,600,000","96,500,000","84,800,000","91,600,000","83,300,000","96,400,000","58,000,000","86,800,000","48,500,000","82,987,000","94,537,000","75,298,000","76,078,000","65,768,000","74,070,000","39,165,000","42,505,000","57,599,000","22,606,000","32,602,000","7,508,000","6,413,000","-3,910,000","11,760,000","17,641,000","21,769,000","21,471,000","19,173,000","27,900,000","28,363,000","18,511,000","20,753,000","25,606,000","25,208,000","1,400,000","400,000","-17,100,000","33,100,000","20,700,000","9,100,000","27,600,000","29,400,000","21,000,000","17,800,000","-52,700,000","6,000,000","5,900,000","10,600,000","19,100,000","16,300,000","19,200,000","26,300,000","26,000,000","7,700,000","15,900,000","16,600,000","16,400,000","15,400,000","14,900,000","16,500,000","15,400,000","11,200,000","12,800,000","10,600,000","9,300,000","9,500,000","16,200,000","16,400,000","15,700,000","13,200,000","15,600,000","14,500,000","13,400,000","12,500,000","11,900,000",,,,,,,,,,,,,,,,
	NetIncome,"874,000,000","222,000,000","161,000,000","293,000,000","198,000,000","186,000,000","146,000,000","89,100,000","136,700,000","115,600,000","155,600,000","911,300,000","132,200,000","98,200,000","66,500,000","131,800,000","66,700,000","40,200,000","-24,200,000","64,700,000","-23,700,000","-39,400,000","-82,400,000","-173,500,000","-119,800,000","-144,000,000","-129,600,000","-170,500,000","-142,800,000","-98,200,000","-173,000,000","-32,700,000","-43,800,000","-235,500,000","19,100,000","11,500,000","10,700,000","31,300,000","28,300,000","53,900,000","57,600,000","61,700,000","55,600,000","74,500,000","29,300,000","64,600,000","78,900,000","72,000,000","72,800,000","71,200,000","69,300,000","61,600,000","53,600,000","59,900,000","36,900,000","50,100,000","29,500,000","10,500,000","-32,100,000","-105,400,000","104,500,000","89,800,000","94,600,000","96,500,000","84,800,000","91,600,000","83,300,000","96,400,000","58,000,000","86,800,000","48,500,000","82,987,000","94,537,000","75,298,000","76,078,000","65,768,000","74,070,000","39,165,000","42,505,000","57,599,000","22,606,000","32,602,000","7,508,000","6,413,000","-3,910,000","11,760,000","17,641,000","21,769,000","21,471,000","19,173,000","27,900,000","28,363,000","18,511,000","20,753,000","25,606,000","25,208,000","1,400,000","400,000","-17,100,000","33,100,000","20,700,000","9,100,000","27,600,000","29,400,000","21,000,000","17,800,000","-52,700,000","6,000,000","5,900,000","10,600,000","19,100,000","16,300,000","19,200,000","26,300,000","26,000,000","7,700,000","15,900,000","16,600,000","16,400,000","15,400,000","14,900,000","16,500,000","15,400,000","11,200,000","12,800,000","10,600,000","9,300,000","9,500,000","16,200,000","16,400,000","15,700,000","13,200,000","15,600,000","14,500,000","13,400,000","12,500,000","11,900,000",,,,,,,,,,,,,,,,
		NetIncomeIncludingNoncontrollingInterests,"874,000,000","222,000,000","161,000,000","293,000,000","198,000,000","186,000,000","146,000,000","89,100,000","136,700,000","115,600,000","155,600,000","911,300,000","132,200,000","98,200,000","66,500,000","131,800,000","66,700,000","40,200,000","-24,200,000","64,700,000","-23,700,000","-39,400,000","-82,400,000","-173,500,000","-119,800,000","-144,000,000","-129,600,000","-170,500,000","-142,800,000","-98,200,000","-173,000,000","-32,700,000","-43,800,000","-235,500,000","19,100,000","11,500,000","10,700,000","31,300,000","28,300,000","53,900,000","57,600,000","61,700,000","55,600,000","74,500,000","29,300,000","64,600,000","78,900,000","72,000,000","72,800,000","71,200,000","69,300,000","61,600,000","53,600,000","59,900,000","36,900,000","50,100,000","29,500,000","10,500,000","-32,100,000","-105,400,000","104,500,000","89,800,000","94,600,000","96,500,000","84,800,000","91,600,000","83,300,000","96,400,000","58,000,000","86,800,000","48,500,000","82,987,000","94,537,000","75,298,000","76,078,000","65,768,000","74,070,000","39,165,000","42,505,000","57,599,000","22,606,000","32,602,000","7,508,000","6,413,000","-3,910,000","11,760,000","17,641,000","21,769,000","21,471,000","19,173,000","27,900,000","28,363,000","18,511,000","20,753,000","25,606,000","25,208,000","1,400,000","400,000","-17,100,000","33,100,000","20,700,000","9,100,000","27,600,000","29,400,000","21,000,000","17,800,000","-52,700,000","6,000,000","5,900,000","10,600,000","19,100,000","16,300,000","19,200,000","26,300,000","26,000,000","7,700,000","15,900,000","16,600,000","16,400,000","15,400,000","14,900,000","16,500,000","15,400,000","11,200,000","12,800,000","10,600,000","9,300,000","9,500,000","16,200,000","16,400,000","15,700,000","13,200,000","15,600,000","14,500,000","13,400,000","12,500,000","11,900,000","11,100,000","10,800,000","9,300,000","8,500,000","7,600,000","7,200,000","6,400,000","5,400,000","4,800,000","3,900,000","3,400,000","3,000,000","2,700,000","2,400,000","2,200,000","1,800,000"
			NetIncomeContinuousOperations,"874,000,000","222,000,000","161,000,000","293,000,000","198,000,000","186,000,000","146,000,000","89,100,000","136,700,000","115,600,000","155,600,000","911,300,000","132,200,000","98,200,000","66,500,000","131,800,000","66,700,000","40,200,000","-24,200,000","64,700,000","-23,700,000","-39,400,000","-82,400,000","-173,500,000","-119,800,000","-144,000,000","-129,600,000","-170,500,000","-142,800,000","-98,200,000","-173,000,000","-32,700,000","-43,800,000","-235,500,000","19,100,000","11,500,000","10,700,000","31,300,000","28,300,000","53,900,000","57,600,000","61,700,000","55,600,000","74,500,000","29,300,000","64,600,000","78,900,000","72,000,000","72,800,000","71,200,000","69,300,000","61,600,000","53,600,000","59,900,000","36,900,000","50,100,000","29,500,000","10,500,000","-32,100,000","-105,400,000","104,500,000","89,800,000","94,600,000","96,500,000","84,800,000","91,600,000","83,300,000","96,400,000","58,000,000","86,800,000","48,500,000","82,987,000","94,537,000","75,298,000","76,078,000","65,768,000","74,070,000","39,165,000","42,505,000","57,599,000","22,606,000","32,602,000","7,508,000","6,413,000","-3,910,000","11,760,000","17,641,000","21,769,000","21,471,000","19,173,000","27,900,000","28,363,000","18,511,000","20,753,000","25,606,000","25,208,000","1,400,000","400,000","-17,100,000","33,100,000","20,700,000","9,100,000","27,600,000","29,400,000","21,000,000","17,800,000","-52,700,000","6,000,000","5,900,000","10,600,000","19,100,000","16,300,000","19,200,000","26,300,000","26,000,000","7,700,000","15,900,000","16,600,000","16,400,000","15,400,000","14,900,000","16,500,000","15,400,000","11,200,000","12,800,000","10,600,000","9,300,000","9,500,000","16,200,000","16,400,000","15,700,000","13,200,000","15,600,000","14,500,000","13,400,000","12,500,000","11,900,000","11,100,000","10,800,000","9,300,000","8,500,000","7,600,000","7,200,000","6,400,000","5,400,000","4,800,000","3,900,000","3,400,000","3,000,000","2,700,000","2,400,000","2,200,000","1,800,000"
DilutedNIAvailtoComStockholders,"874,000,000","222,000,000","161,000,000","293,000,000","198,000,000","186,000,000","146,000,000","89,100,000","136,700,000","115,600,000","155,600,000","911,300,000","132,200,000","98,200,000","66,500,000","131,800,000","66,700,000","40,200,000","-24,200,000","64,700,000","-23,700,000","-39,400,000","-82,400,000","-173,500,000","-119,800,000","-144,000,000","-129,600,000","-170,500,000","-142,800,000","-98,200,000","-173,000,000","-32,700,000","-43,800,000","-235,500,000","19,100,000","11,500,000","10,700,000","31,300,000","28,300,000","53,900,000","57,600,000","61,700,000","55,600,000","74,500,000","29,300,000","64,600,000","78,900,000","72,000,000","72,800,000","71,200,000","69,300,000","61,600,000","53,600,000","59,900,000","36,900,000","50,100,000","29,500,000","10,500,000","-32,100,000","-105,400,000","104,500,000","89,800,000","94,600,000","96,500,000","84,800,000","91,600,000","83,300,000","96,400,000","58,000,000","86,800,000","48,500,000","82,987,000","94,537,000","75,298,000","76,078,000","65,768,000","74,070,000","39,165,000","42,505,000","57,599,000","22,606,000","32,602,000","7,508,000","6,413,000","-3,910,000","11,760,000","17,641,000","21,769,000","21,471,000","19,173,000","27,900,000","28,363,000","18,511,000","20,753,000","25,606,000","25,208,000","1,400,000","400,000","-17,100,000","33,100,000","20,700,000","9,100,000","27,600,000","29,400,000","21,000,000","17,800,000","-52,700,000","6,000,000","5,900,000","10,600,000","19,100,000","16,300,000","19,200,000","26,300,000","26,000,000","7,700,000","15,900,000","16,600,000","16,400,000","15,400,000","14,900,000","16,500,000","15,400,000","11,200,000","12,800,000","10,600,000","9,300,000","9,500,000","16,200,000","16,400,000","15,700,000","13,200,000","15,600,000","14,500,000","13,400,000","12,500,000","11,900,000",,,,,,,,,,,,,,,,
BasicEPS,,"1.04","0.75","1.36","0.92","0.86","0.67","0.41","0.62","0.52","0.71","4.15","0.6","0.45","0.3","0.6","0.3","0.18","-0.11","0.3","-0.11","-0.18","-0.38","-0.79","-0.55","-0.66","-0.59","-0.77","-0.64","-0.44","-0.75","-0.15","-0.19","-1.18","0.08","0.05","0.05","0.14","0.12","0.24","0.26","0.28","0.25","0.33","0.13","0.28","0.35","0.32","0.32","0.31","0.3","0.27","0.24","0.26","0.16","0.22","0.13","0.05","-0.14","-0.47","0.46","0.4","0.42","0.42","0.37","0.4","0.36","0.42","0.25","0.38","0.21","0.37","0.42","0.34","0.33","0.287","0.165","0.085","0.19","0.258","0.05","0.145","0.035","0.029","-0.008","0.05","0.08","0.098","0.098","0.088","0.13","0.128","0.083","0.09","0.027","0.106","0.001","0.001","-0.018","0.123","0.019","0.031","0.032","0.376","0.028","0.021","-0.072","0.031","0.008","0.014","0.024","0.088","0.024","0.033","0.032","0.041","0.02","0.011","0.01","0.081","0.009","0.01","0.01","0.058","0.008","0.007","0.006","0.048","0.01","0.01","0.01","0.068","0.01","0.009","0.009","0.064","0.008","0.007","0.007","0.05","0.006","0.005","0.005","0.035","0.004","0.003","0.003","0.02","0.001","0.001","0.001","0.013","0.001"
DilutedEPS,,"1.03","0.75","1.35","0.91","0.85","0.67","0.4","0.62","0.52","0.7","4.1","0.59","0.44","0.3","0.59","0.3","0.18","-0.11","0.29","-0.11","-0.18","-0.38","-0.79","-0.55","-0.66","-0.59","-0.77","-0.64","-0.44","-0.75","-0.15","-0.19","-1.18","0.08","0.05","0.05","0.13","0.12","0.23","0.25","0.27","0.24","0.32","0.13","0.28","0.34","0.31","0.32","0.3","0.29","0.26","0.23","0.25","0.16","0.22","0.13","0.05","-0.14","-0.47","0.45","0.39","0.41","0.4","0.35","0.38","0.34","0.39","0.24","0.36","0.2","0.34","0.38","0.31","0.31","0.287","0.15","0.08","0.18","0.258","0.05","0.145","0.035","0.029","-0.008","0.05","0.075","0.098","0.095","0.085","0.125","0.125","0.08","0.088","0.026","0.106","0.001","0.001","-0.018","0.123","0.019","0.029","0.03","0.376","0.026","0.021","-0.072","0.031","0.008","0.014","0.024","0.088","0.024","0.033","0.032","0.041","0.02","0.011","0.01","0.081","0.009","0.01","0.01","0.058","0.008","0.007","0.006","0.048","0.01","0.01","0.01","0.068","0.01","0.009","0.009","0.064","0.008","0.007","0.007","0.05","0.006","0.005","0.005","0.035","0.004","0.003","0.003","0.02","0.001","0.001","0.001","0.013","0.001"
BasicAverageShares,,"214,000,000","215,000,000","216,000,000","216,000,000","217,000,000","217,000,000","220,000,000","220,000,000","220,000,000","220,000,000","217,800,000","219,600,000","219,200,000","219,200,000","220,000,000","219,700,000","219,600,000","219,600,000","219,500,000","218,900,000","219,000,000","218,600,000","218,900,000","219,600,000","219,500,000","219,900,000","220,900,000","222,300,000","223,200,000","224,400,000","224,500,000","225,300,000","227,000,000","227,200,000","227,100,000","226,900,000","227,300,000","227,000,000","225,800,000","223,100,000","223,100,000","223,800,000","224,300,000","225,500,000","227,800,000","228,100,000","226,200,000","227,100,000","229,400,000","228,200,000","226,700,000","226,500,000","228,000,000","229,000,000","229,300,000","229,600,000","228,900,000","227,100,000","226,400,000","225,300,000","224,200,000","226,200,000","230,300,000","229,400,000","230,300,000","231,200,000","231,000,000","230,900,000","230,500,000","230,300,000","229,900,000","229,600,000","228,700,000","227,715,000","227,611,000","455,646,000","456,008,000","224,104,000","223,440,000","444,880,000","222,960,000","223,550,000","224,528,000","451,236,000","226,696,000","226,516,000","222,574,000","217,480,000","216,048,000","216,132,000","221,108,000","226,724,000","231,008,000","944,080,000","236,964,000","246,400,000","244,004,000","942,880,000","189,368,000","187,588,000","185,528,000","188,076,000","187,020,000","186,548,000","193,412,000","191,628,000","190,640,000","192,400,000","192,400,000","184,328,000","185,404,000","185,404,000","188,080,000","188,080,000","188,964,000","188,244,000","187,832,000","188,696,000","189,920,000","189,752,000","191,640,000","192,792,000","192,088,000","192,136,000","191,744,000","191,088,000","196,704,000","198,344,000","197,352,000","196,040,000","195,296,000","194,712,000","194,496,000","194,384,000","193,960,000","193,936,000","193,392,000","193,392,000","192,040,000","191,752,000","190,592,000","190,592,000","190,592,000","190,112,000","177,600,000","163,488,000","168,504,000","163,656,000","162,448,000","165,528,000","161,344,000","165,528,000"
DilutedAverageShares,,"215,000,000","216,000,000","217,000,000","217,000,000","218,000,000","219,000,000","222,000,000","222,000,000","222,000,000","222,000,000","221,700,000","222,300,000","222,200,000","221,300,000","223,700,000","221,900,000","222,400,000","219,600,000","219,500,000","218,900,000","219,000,000","218,600,000","218,900,000","219,600,000","219,500,000","219,900,000","220,900,000","222,300,000","223,200,000","224,400,000","224,500,000","225,300,000","227,000,000","231,700,000","233,900,000","231,500,000","232,400,000","231,600,000","232,600,000","227,700,000","228,300,000","229,300,000","232,600,000","229,900,000","232,100,000","234,100,000","232,100,000","230,700,000","236,600,000","237,100,000","236,600,000","232,400,000","233,800,000","234,600,000","235,100,000","232,900,000","232,300,000","227,100,000","226,800,000","230,400,000","231,100,000","232,600,000","240,500,000","239,900,000","243,000,000","243,800,000","243,500,000","242,000,000","243,100,000","244,700,000","246,000,000","249,500,000","250,300,000","249,272,000","227,611,000","496,090,000","501,214,000","238,566,000","223,440,000","456,666,000","226,920,000","226,892,000","224,528,000","451,236,000","228,550,000","236,804,000","222,574,000","224,040,000","222,840,000","222,748,000","224,396,000","228,292,000","236,292,000","1,001,328,000","236,964,000","246,400,000","244,004,000","942,880,000","189,368,000","187,588,000","185,528,000","188,076,000","187,020,000","186,548,000","193,412,000","191,628,000","190,640,000","192,400,000","192,400,000","184,328,000","185,404,000","185,404,000","188,080,000","188,080,000","188,964,000","188,244,000","187,832,000","188,696,000","189,920,000","189,752,000","191,640,000","192,792,000","192,088,000","192,136,000","191,744,000","191,088,000","196,704,000","198,344,000","197,352,000","196,040,000","195,296,000","194,712,000","194,496,000","194,384,000","193,960,000","193,936,000","193,392,000","193,392,000","192,040,000","191,752,000","190,592,000","190,592,000","190,592,000","190,112,000","177,600,000","163,488,000","168,504,000","163,656,000","162,448,000","165,528,000","161,344,000","165,528,000"
TotalOperatingIncomeAsReported,"1,012,000,000","262,000,000","217,000,000","277,000,000","256,000,000","242,000,000","214,000,000","142,400,000","193,300,000","148,100,000","133,800,000","184,400,000","168,000,000","146,100,000","130,600,000","133,800,000","110,600,000","73,800,000","24,800,000","40,300,000","14,700,000","-24,700,000","-55,300,000","-181,900,000","-100,000,000","-107,600,000","-119,600,000","-167,100,000","-119,900,000","-62,900,000","-155,000,000","-9,700,000","-14,800,000","4,300,000","21,500,000","14,000,000","14,600,000","49,900,000","42,200,000","51,700,000","68,100,000","83,600,000","-81,400,000","84,600,000","34,300,000","92,900,000","94,000,000","91,800,000","90,200,000","95,000,000","78,600,000","71,600,000","69,200,000","79,800,000","50,800,000","56,100,000","26,300,000","2,700,000","-19,400,000","-133,800,000","139,600,000","118,800,000","119,900,000","124,100,000","105,600,000","114,500,000","101,400,000","119,700,000","68,600,000","102,100,000","59,300,000","97,247,000","93,037,000","88,894,000","90,622,000","78,150,000","53,858,000","49,344,000","53,521,000","57,748,000","27,940,000","13,941,000","6,607,000","1,226,000","-7,845,000","10,393,000","21,188,000","29,353,000","12,832,000","19,388,000","36,601,000","38,511,000","29,086,000","34,000,000","37,183,000","28,811,000","10,300,000","-5,300,000","1,500,000","28,600,000","29,100,000","39,500,000","39,600,000","43,600,000","30,100,000","25,500,000","4,400,000","7,000,000","9,000,000","20,300,000","28,100,000","23,600,000","28,100,000","38,900,000","38,400,000","35,400,000","23,300,000","24,400,000","24,300,000","22,500,000","21,300,000","24,000,000","21,900,000","15,400,000","17,400,000","14,000,000","11,500,000","11,900,000","22,400,000","23,400,000","22,400,000","17,100,000","22,700,000","21,500,000","19,900,000","18,200,000","17,600,000",,,,,,,,,,,,,,,,
TotalExpenses,"4,200,000,000","1,083,000,000","1,052,000,000","1,041,000,000","1,024,000,000","995,000,000","956,000,000","1,069,200,000","932,500,000","911,600,000","855,500,000","854,800,000","784,400,000","767,000,000","755,100,000","765,500,000","732,000,000","722,800,000","710,500,000","695,100,000","642,500,000","622,600,000","592,700,000","641,800,000","615,300,000","608,900,000","605,600,000","636,900,000","606,300,000","597,600,000","614,600,000","658,000,000","614,600,000","605,200,000","625,000,000","650,600,000","603,400,000","586,400,000","548,000,000","528,600,000","482,700,000","476,400,000","488,600,000","515,100,000","478,500,000","475,800,000","494,600,000","500,600,000","458,400,000","452,600,000","449,700,000","454,300,000","407,500,000","391,100,000","416,700,000","399,600,000","385,700,000","385,800,000","407,700,000","583,400,000","467,500,000","500,700,000","478,900,000","475,000,000","432,800,000","411,400,000","407,200,000","377,700,000","388,200,000","347,500,000","376,700,000","319,588,000","285,225,000","284,090,000","264,497,000","266,194,000","243,378,000","226,517,000","236,105,000","234,379,000","205,922,000","197,764,000","204,159,000","186,966,000","183,260,000","197,273,000","206,597,000","208,115,000","196,235,000","202,198,000","209,139,000","226,385,000","192,763,000","192,250,000","186,146,000","191,371,000","191,800,000","208,200,000","193,400,000","160,600,000","148,100,000","147,100,000","147,600,000","138,200,000","132,100,000","128,600,000","114,600,000","108,000,000","107,600,000","108,400,000","108,200,000","102,700,000","100,400,000","101,800,000","100,300,000","94,200,000","84,900,000","85,900,000","82,300,000","79,600,000","76,900,000","79,600,000","79,800,000","83,200,000","76,400,000","71,500,000","63,900,000","46,200,000","51,200,000","49,400,000","47,100,000","45,200,000","39,700,000","36,500,000","35,300,000","31,800,000","28,800,000",,,,,,,,,,,,,,,,
NetIncomeFromContinuingAndDiscontinuedOperation,"874,000,000","222,000,000","161,000,000","293,000,000","198,000,000","186,000,000","146,000,000","89,100,000","136,700,000","115,600,000","155,600,000","911,300,000","132,200,000","98,200,000","66,500,000","131,800,000","66,700,000","40,200,000","-24,200,000","64,700,000","-23,700,000","-39,400,000","-82,400,000","-173,500,000","-119,800,000","-144,000,000","-129,600,000","-170,500,000","-142,800,000","-98,200,000","-173,000,000","-32,700,000","-43,800,000","-235,500,000","19,100,000","11,500,000","10,700,000","31,300,000","28,300,000","53,900,000","57,600,000","61,700,000","55,600,000","74,500,000","29,300,000","64,600,000","78,900,000","72,000,000","72,800,000","71,200,000","69,300,000","61,600,000","53,600,000","59,900,000","36,900,000","50,100,000","29,500,000","10,500,000","-32,100,000","-105,400,000","104,500,000","89,800,000","94,600,000","96,500,000","84,800,000","91,600,000","83,300,000","96,400,000","58,000,000","86,800,000","48,500,000","82,987,000","94,537,000","75,298,000","76,078,000","65,768,000","74,070,000","39,165,000","42,505,000","57,599,000","22,606,000","32,602,000","7,508,000","6,413,000","-3,910,000","11,760,000","17,641,000","21,769,000","21,471,000","19,173,000","27,900,000","28,363,000","18,511,000","20,753,000","25,606,000","25,208,000","1,400,000","400,000","-17,100,000","33,100,000","20,700,000","9,100,000","27,600,000","29,400,000","21,000,000","17,800,000","-52,700,000","6,000,000","5,900,000","10,600,000","19,100,000","16,300,000","19,200,000","26,300,000","26,000,000","7,700,000","15,900,000","16,600,000","16,400,000","15,400,000","14,900,000","16,500,000","15,400,000","11,200,000","12,800,000","10,600,000","9,300,000","9,500,000","16,200,000","16,400,000","15,700,000","13,200,000","15,600,000","14,500,000","13,400,000","12,500,000","11,900,000",,,,,,,,,,,,,,,,
NormalizedIncome,"886,260,521.042","222,000,000","161,000,000","293,000,000","198,000,000","186,000,000","146,000,000","89,100,000","136,700,000","115,600,000","155,600,000","911,300,000","132,200,000","98,200,000","66,500,000","131,800,000","66,769,190.871","40,320,902.256","-24,054,000","66,087,000","-20,999,000","-29,326,000","-65,975,000","-91,343,419.062","-119,800,000","-143,700,000","-129,879,000","-161,590,000","-139,920,000","-88,600,000","-141,620,000","-32,700,000","-43,800,000","-235,500,000","19,100,000","11,500,000","10,700,000","31,884,000","30,128,500","58,095,800","61,252,000","62,975,000","55,906,400","80,728,000","59,572,000","64,600,000","78,900,000","72,775,026.911","72,800,000","70,217,409.766","69,300,000","71,810,410.959","53,600,000","61,324,405.507","42,427,215.19","49,417,206.133","34,017,187.5","31,186,567.164","-6,555,000","25,958,211.257","109,256,975.037","87,861,870.504","94,525,394.322","103,429,717.341","86,341,818.182","91,833,078.88","81,876,708.633","96,400,000","58,000,000","86,800,000","48,500,000","82,987,000","94,537,000","75,298,000","76,078,000","75,216,914.936","75,823,200","41,990,462.512","48,773,949.89","57,599,000","22,606,000","32,602,000","7,508,000","10,807,400","5,789,077.67","14,486,649.699","18,766,648.514","33,365,413.081","19,719,796.266","26,014,800","27,900,000","30,228,891.548","21,881,685.491","24,096,178.889","26,561,817.985","24,015,011.994","11,200,000","400,000","-6,720,000","20,200,214.133","19,183,757.962","16,960,000","26,147,368.421","27,990,849.673","19,335,365.854","16,263,309.353","-19,280,000","4,580,645.161","5,835,164.835","11,680,000","18,196,621.622","15,031,517.51","17,801,324.503","24,648,309.179","24,410,757.946","22,590,909.091","14,755,200","15,518,773.946","15,386,872.587","14,565,833.333","13,621,030.043","15,468,750","14,046,861.925","9,626,966.292","10,908,374.384","8,718,343.195","7,289,189.189","7,375,000","14,073,359.073","14,647,328.244","14,130,000","11,164,179.104","13,665,116.279","12,929,166.667","12,060,000","10,929,951.691","10,740,512.821",,,,,,,,,,,,,,,,
InterestIncome,,"9,000,000","2,000,000",,,"4,000,000",,,,,,,,,,,,,,,,,,,,,,,,,,,,,,,,,,,,,,,,"800,000","3,500,000",,,,,,,,,,,"10,700,000",,,,,,,,,,,,,,,,,,,,,,,,,,,,,,,,,,,,,,,,,,,,,,,,,,,,,,,,,,,,,,,,,,,,,,,,,,,,,,,,,,,,,,,,,,,,,,,
InterestExpense,,,,"0","14,000,000","10,000,000","19,000,000","25,800,000","5,900,000","9,300,000","10,600,000","13,300,000","14,600,000","8,000,000","22,300,000","11,700,000","13,900,000","15,400,000","13,000,000","15,500,000","14,700,000","8,700,000","13,200,000","8,400,000","9,200,000","10,000,000","6,900,000","7,200,000","9,700,000","6,200,000","6,500,000","12,900,000","11,000,000","8,000,000","2,000,000","4,700,000","2,800,000","3,300,000","2,400,000","3,000,000","1,800,000","1,900,000","3,100,000",,,,,,,,,,,,,,,,,,,,,,,,,,,,,,,,,,,,,,,,,,,,,,,,,,,,,,,,,,,,,,,,,,,,,,,,,,,,,,,,,,,,,,,,,,,,,,,,,,,,,,,,,,,,,,
NetInterestIncome,"-11,000,000","-4,000,000","4,000,000","0","-14,000,000","-10,000,000","-19,000,000","-35,300,000","-5,900,000","-9,300,000","-2,400,000","-13,300,000","-11,900,000","-17,100,000","-40,100,000","-10,500,000","-14,200,000","-7,300,000","-16,200,000","-7,300,000","-3,200,000","1,300,000","-8,500,000","-16,400,000","-11,200,000","-18,800,000","-1,800,000","-1,100,000","-9,400,000","-10,100,000","-3,600,000","-10,800,000","-7,700,000","-3,400,000","300,000","-21,100,000","-3,000,000","-7,000,000","-6,600,000","4,600,000","1,100,000","-1,800,000","-8,800,000","1,500,000","-100,000","-800,000","3,500,000","2,100,000","1,100,000","-800,000","5,900,000","11,700,000","2,500,000","100,000","-3,400,000","1,400,000","5,700,000","10,700,000","1,800,000",,,,,,,,,,,,,,,,,,,,,,,,,,,,,,,,,,,,,,,,,,,,,,,,,,,,,,,,,,,,,,,,,,,,,,,,,,,,,,,,,,,,,,,,,,,,,,
EBIT,"1,020,000,000","262,000,000","217,000,000","277,000,000","256,000,000","242,000,000","214,000,000","142,400,000","193,300,000","148,100,000","133,800,000","184,400,000","168,000,000","146,100,000","130,600,000","133,800,000","110,700,000","74,000,000","25,000,000","42,200,000","18,400,000","-10,900,000","-32,800,000","-88,000,000","-100,000,000","-107,100,000","-119,900,000","-158,100,000","-116,700,000","-46,900,000","-102,700,000","-9,700,000","-14,800,000","4,300,000","21,500,000","14,000,000","14,600,000","50,700,000","44,500,000","58,000,000","72,500,000","85,300,000","81,800,000","91,800,000","69,500,000","92,900,000","94,000,000","91,800,000","90,200,000","93,700,000","78,600,000","73,400,000","69,200,000","81,700,000","57,900,000","56,500,000","31,200,000","29,100,000","18,100,000","-93,600,000","139,600,000","118,800,000","119,900,000","124,100,000","105,600,000","114,500,000","101,400,000","119,700,000","68,600,000","102,100,000","59,300,000","97,247,000","93,037,000","88,894,000","90,622,000","89,961,000","56,780,000","53,061,000","61,771,000","60,931,000","27,940,000","13,941,000","6,607,000","8,550,000","5,441,000","14,128,000","22,730,000","45,919,000","20,122,000","29,162,000","36,601,000","38,511,000","29,086,000","34,000,000","37,183,000","28,811,000","10,300,000","-5,300,000","1,500,000","28,600,000","29,100,000","39,500,000","39,600,000","43,600,000","30,100,000","25,500,000","4,400,000","7,000,000","9,000,000","20,300,000","28,100,000","23,600,000","28,100,000","38,900,000","38,400,000","35,400,000","23,300,000","24,400,000","24,300,000","22,500,000","21,300,000","24,000,000","21,900,000","15,400,000","17,400,000","14,000,000","11,500,000","11,900,000","22,400,000","23,400,000","22,400,000","17,100,000","22,700,000","21,500,000","19,900,000","18,200,000","17,600,000","43,400,000","38,800,000","-36,400,000","30,300,000","27,300,000","25,800,000","-25,000,000","20,200,000","18,800,000","17,300,000","-15,300,000","13,700,000","12,200,000","11,000,000","-7,200,000","7,700,000"
EBITDA,"1,160,000,000","295,000,000","250,000,000","314,000,000","293,000,000","280,000,000","252,000,000","176,600,000","234,800,000","187,500,000","166,800,000","216,000,000","200,200,000","176,100,000","160,600,000","164,700,000","142,300,000","106,100,000","57,700,000","67,600,000","41,900,000","11,300,000","-8,700,000","-61,100,000","-75,300,000","-78,700,000","-91,500,000","-123,400,000","-82,600,000","-13,900,000","-65,300,000","26,400,000","20,900,000","40,500,000","59,300,000","50,000,000","51,200,000","87,900,000","80,600,000","91,200,000","103,100,000","117,300,000","114,900,000","126,500,000","104,500,000","121,800,000","123,200,000","122,100,000","121,200,000","123,400,000","103,100,000","99,200,000","95,800,000","108,000,000","84,600,000","83,600,000","60,100,000","29,100,000","45,100,000","-66,300,000","165,000,000","141,000,000","136,800,000","141,300,000","121,100,000","128,900,000","115,600,000","134,000,000","81,800,000","115,600,000","71,800,000","107,135,000","102,561,000","100,597,000","103,207,000","103,329,000","69,989,000","65,931,000","74,273,000","75,257,000","39,777,000","25,763,000","18,914,000","20,696,000","17,420,000","26,210,000","35,367,000","61,598,000","35,665,000","44,982,000","52,466,000","54,857,000","45,282,000","51,296,000","56,189,000","47,359,000","28,400,000","21,000,000","18,300,000","58,600,000","38,100,000","51,400,000","51,900,000","56,000,000","41,500,000","37,500,000","12,500,000","16,800,000","18,000,000","28,800,000","35,600,000","28,600,000","34,700,000","45,800,000","45,100,000","41,100,000","29,800,000","31,500,000","30,000,000","27,100,000","26,600,000","29,300,000","27,300,000","18,600,000","21,700,000","18,700,000","15,700,000","15,600,000","26,100,000","27,400,000","25,900,000","21,000,000","26,800,000","24,500,000","22,400,000","20,600,000","19,300,000","43,400,000","38,800,000","-36,400,000","30,300,000","27,300,000","25,800,000","-25,000,000","20,200,000","18,800,000","17,300,000","-15,300,000","13,700,000","12,200,000","11,000,000","-7,200,000","7,700,000"
ReconciledCostOfRevenue,"399,000,000","105,000,000","104,000,000","97,000,000","93,000,000","90,000,000","90,000,000","89,300,000","76,700,000","77,100,000","68,000,000","67,700,000","61,100,000","60,400,000","61,600,000","62,000,000","57,600,000","57,100,000","59,800,000","57,800,000","53,000,000","51,400,000","46,500,000","51,100,000","57,500,000","51,100,000","55,500,000","57,500,000","54,200,000","59,900,000","63,000,000","66,800,000","63,400,000","65,000,000","62,900,000","62,800,000","58,900,000","60,800,000","78,700,000","71,900,000","67,100,000","67,800,000","67,500,000","62,000,000","58,000,000","59,800,000","58,800,000","57,500,000","59,600,000","57,400,000","54,600,000","48,400,000","48,500,000","48,400,000","51,300,000","44,400,000","45,000,000","50,100,000","52,300,000","49,100,000","52,700,000","59,500,000","57,800,000","50,800,000","51,600,000","51,900,000","52,700,000","54,600,000","56,300,000","55,800,000","49,900,000","40,523,000","42,398,000","44,472,000","43,507,000","43,961,000","43,394,000","40,216,000","41,872,000","40,917,000","35,364,000","34,896,000","36,951,000","21,305,000","19,882,000","22,172,000","28,258,000","31,031,000","27,454,000","24,547,000","26,167,000","26,854,000","27,544,000","28,555,000","24,930,000","25,848,000","24,900,000","21,100,000","22,800,000","-9,700,000","9,100,000","6,400,000","7,400,000","6,200,000","6,100,000","6,700,000","7,900,000","5,400,000","6,200,000","8,100,000","9,800,000","11,000,000","9,500,000","10,500,000","10,600,000","11,600,000","7,700,000","8,000,000","9,400,000","10,400,000","9,400,000","11,400,000","11,600,000","16,100,000","14,300,000","9,300,000","7,600,000","6,300,000","6,400,000","6,000,000","5,800,000","3,600,000","3,000,000","3,200,000","4,200,000","3,600,000","3,900,000",,,,,,,,,,,,,,,,
ReconciledDepreciation,"140,000,000","33,000,000","33,000,000","37,000,000","37,000,000","38,000,000","38,000,000","34,200,000","41,500,000","39,400,000","33,000,000","31,600,000","32,200,000","30,000,000","30,000,000","30,900,000","31,600,000","32,100,000","32,700,000","25,400,000","23,500,000","22,200,000","24,100,000","26,900,000","24,700,000","28,400,000","28,400,000","34,700,000","34,100,000","33,000,000","37,400,000","36,100,000","35,700,000","36,200,000","37,800,000","36,000,000","36,600,000","37,200,000","36,100,000","33,200,000","30,600,000","32,000,000","33,100,000","34,700,000","35,000,000","28,900,000","29,200,000","30,300,000","31,000,000","29,700,000","24,500,000","25,800,000","26,600,000","26,300,000","26,700,000","27,100,000","28,900,000","28,500,000","27,000,000","27,300,000","25,400,000","22,200,000","16,900,000","17,200,000","15,500,000","14,400,000","14,200,000","14,300,000","13,200,000","13,500,000","12,500,000","9,888,000","9,524,000","11,703,000","12,585,000","13,368,000","13,209,000","12,870,000","12,502,000","14,326,000","11,837,000","11,822,000","12,307,000","12,146,000","11,979,000","12,082,000","12,637,000","15,679,000","15,543,000","15,820,000","15,865,000","16,346,000","16,196,000","17,296,000","19,006,000","18,548,000","18,100,000","26,300,000","16,800,000","30,000,000","9,000,000","11,900,000","12,300,000","12,400,000","11,400,000","12,000,000","8,100,000","9,800,000","9,000,000","8,500,000","7,500,000","5,000,000","6,600,000","6,900,000","6,700,000","5,700,000","6,500,000","7,100,000","5,700,000","4,600,000","5,300,000","5,300,000","5,400,000","3,200,000","4,300,000","4,700,000","4,200,000","3,700,000","3,700,000","3,900,000","3,500,000","3,900,000","4,100,000","3,000,000","2,500,000","2,400,000","1,700,000",,,,,,,,,,,,,,,,
NetIncomeFromContinuingOperationNetMinorityInterest,"874,000,000","222,000,000","161,000,000","293,000,000","198,000,000","186,000,000","146,000,000","89,100,000","136,700,000","115,600,000","155,600,000","911,300,000","132,200,000","98,200,000","66,500,000","131,800,000","66,700,000","40,200,000","-24,200,000","64,700,000","-23,700,000","-39,400,000","-82,400,000","-173,500,000","-119,800,000","-144,000,000","-129,600,000","-170,500,000","-142,800,000","-98,200,000","-173,000,000","-32,700,000","-43,800,000","-235,500,000","19,100,000","11,500,000","10,700,000","31,300,000","28,300,000","53,900,000","57,600,000","61,700,000","55,600,000","74,500,000","29,300,000","64,600,000","78,900,000","72,000,000","72,800,000","71,200,000","69,300,000","61,600,000","53,600,000","59,900,000","36,900,000","50,100,000","29,500,000","10,500,000","-32,100,000","-105,400,000","104,500,000","89,800,000","94,600,000","96,500,000","84,800,000","91,600,000","83,300,000","96,400,000","58,000,000","86,800,000","48,500,000","82,987,000","94,537,000","75,298,000","76,078,000","65,768,000","74,070,000","39,165,000","42,505,000","57,599,000","22,606,000","32,602,000","7,508,000","6,413,000","-3,910,000","11,760,000","17,641,000","21,769,000","21,471,000","19,173,000","27,900,000","28,363,000","18,511,000","20,753,000","25,606,000","25,208,000","1,400,000","400,000","-17,100,000","33,100,000","20,700,000","9,100,000","27,600,000","29,400,000","21,000,000","17,800,000","-52,700,000","6,000,000","5,900,000","10,600,000","19,100,000","16,300,000","19,200,000","26,300,000","26,000,000","7,700,000","15,900,000","16,600,000","16,400,000","15,400,000","14,900,000","16,500,000","15,400,000","11,200,000","12,800,000","10,600,000","9,300,000","9,500,000","16,200,000","16,400,000","15,700,000","13,200,000","15,600,000","14,500,000","13,400,000","12,500,000","11,900,000",,,,,,,,,,,,,,,,
TotalUnusualItemsExcludingGoodwill,"-14,000,000","-15,000,000","2,000,000","-5,000,000","5,000,000","6,000,000","10,000,000","-11,000,000","9,000,000","-700,000","7,100,000","0","0","0","0","0","-100,000","-200,000","-200,000","-1,900,000","-3,700,000","-13,800,000","-22,500,000","-93,900,000","0","-500,000","300,000","-9,000,000","-3,200,000","-16,000,000","-52,300,000","2,100,000","0","0","0","0","0","-800,000","-2,300,000","-6,300,000","-4,400,000","-1,700,000","-400,000","-7,200,000","-35,200,000","0",,"-1,000,000","0","1,300,000","0","-12,100,000","0","-1,900,000","-7,100,000","800,000","-4,900,000","-26,400,000","-39,300,000","-171,400,000","-6,200,000","2,700,000","100,000","-9,400,000","-2,000,000","-300,000","1,900,000",,,,,,,,,"-11,811,000","-2,922,000","-3,717,000","-8,250,000",,,,,"-7,324,000","-13,286,000","-3,735,000","-1,542,000","-16,566,000","2,171,000","-9,774,000",,"-2,834,000","-5,462,000","-5,314,000","-1,445,000","1,752,000","-14,700,000",,"-17,300,000","18,200,000","2,300,000","-13,100,000","2,200,000","2,200,000","2,600,000","2,400,000","-55,700,000","2,200,000","100,000","-1,800,000","1,400,000","2,000,000","2,200,000","2,600,000","2,500,000","-23,400,000","1,800,000","1,700,000","1,600,000","1,300,000","2,000,000","1,600,000","2,100,000","2,500,000","3,000,000","3,000,000","3,200,000","3,400,000","3,400,000","2,800,000","2,500,000","3,100,000","3,200,000","2,600,000","2,200,000","2,600,000","1,900,000",,,,,,,,,,,,,,,,
TotalUnusualItems,"-14,000,000","-15,000,000","2,000,000","-5,000,000","5,000,000","6,000,000","10,000,000","-11,000,000","9,000,000","-700,000","7,100,000","0","0","0","0","0","-100,000","-200,000","-200,000","-1,900,000","-3,700,000","-13,800,000","-22,500,000","-93,900,000","0","-500,000","300,000","-9,000,000","-3,200,000","-16,000,000","-52,300,000","2,100,000","0","0","0","0","0","-800,000","-2,300,000","-6,300,000","-4,400,000","-1,700,000","-400,000","-7,200,000","-35,200,000","0",,"-1,000,000","0","1,300,000","0","-12,100,000","0","-1,900,000","-7,100,000","800,000","-4,900,000","-26,400,000","-39,300,000","-171,400,000","-6,200,000","2,700,000","100,000","-9,400,000","-2,000,000","-300,000","1,900,000",,,,,,,,,"-11,811,000","-2,922,000","-3,717,000","-8,250,000",,,,,"-7,324,000","-13,286,000","-3,735,000","-1,542,000","-16,566,000","2,171,000","-9,774,000",,"-2,834,000","-5,462,000","-5,314,000","-1,445,000","1,752,000","-14,700,000",,"-17,300,000","18,200,000","2,300,000","-13,100,000","2,200,000","2,200,000","2,600,000","2,400,000","-55,700,000","2,200,000","100,000","-1,800,000","1,400,000","2,000,000","2,200,000","2,600,000","2,500,000","-23,400,000","1,800,000","1,700,000","1,600,000","1,300,000","2,000,000","1,600,000","2,100,000","2,500,000","3,000,000","3,000,000","3,200,000","3,400,000","3,400,000","2,800,000","2,500,000","3,100,000","3,200,000","2,600,000","2,200,000","2,600,000","1,900,000",,,,,,,,,,,,,,,,
NormalizedEBITDA,"1,174,000,000","295,000,000","250,000,000","314,000,000","293,000,000","280,000,000","252,000,000","176,600,000","234,800,000","187,500,000","166,800,000","216,000,000","200,200,000","176,100,000","160,600,000","164,700,000","142,400,000","106,300,000","57,900,000","69,500,000","45,600,000","25,100,000","13,800,000","32,800,000","-75,300,000","-78,200,000","-91,800,000","-114,400,000","-79,400,000","2,100,000","-13,000,000","26,400,000","20,900,000","40,500,000","59,300,000","50,000,000","51,200,000","88,700,000","82,900,000","97,500,000","107,500,000","119,000,000","115,300,000","133,700,000","139,700,000","121,800,000","123,200,000","123,100,000","121,200,000","122,100,000","103,100,000","111,300,000","95,800,000","109,900,000","91,700,000","82,800,000","65,000,000","55,500,000","84,400,000","105,100,000","171,200,000","138,300,000","136,700,000","150,700,000","123,100,000","129,200,000","113,700,000","134,000,000","81,800,000","115,600,000","71,800,000","107,135,000","102,561,000","100,597,000","103,207,000","115,140,000","72,911,000","69,648,000","82,523,000","75,257,000","39,777,000","25,763,000","18,914,000","28,020,000","30,706,000","29,945,000","36,909,000","78,164,000","33,494,000","54,756,000","52,466,000","57,691,000","50,744,000","56,610,000","57,634,000","45,607,000","43,100,000","21,000,000","35,600,000","40,400,000","35,800,000","64,500,000","49,700,000","53,800,000","38,900,000","35,100,000","68,200,000","14,600,000","17,900,000","30,600,000","34,200,000","26,600,000","32,500,000","43,200,000","42,600,000","64,500,000","28,000,000","29,800,000","28,400,000","25,800,000","24,600,000","27,700,000","25,200,000","16,100,000","18,700,000","15,700,000","12,500,000","12,200,000","22,700,000","24,600,000","23,400,000","17,900,000","23,600,000","21,900,000","20,200,000","18,000,000","17,400,000","43,400,000","38,800,000","-36,400,000","30,300,000","27,300,000","25,800,000","-25,000,000","20,200,000","18,800,000","17,300,000","-15,300,000","13,700,000","12,200,000","11,000,000","-7,200,000","7,700,000"
TaxRateForCalcs,"0.124","0.14","0.271","0.4","0.182","0.198","0.251","0.168","0.271","0.167","0.27","0.27","0.153","0.239","0.265","0.27","0.308","0.395","0.27","0.27","0.27","0.27","0.27","0.125","0.4","0.4","0.07","0.01","0.1","0.4","0.4","0.4","0.4","0.4","0.12","0.4","0.08","0.27","0.205","0.334","0.17","0.25","0.234","0.135","0.14","0.3","0.19","0.225","0.203","0.244","0.18","0.156","0.252","0.25","0.222","0.147","0.078","0.216","0.35","0.234","0.233","0.282","0.254","0.263","0.229","0.223","0.251","0.224","0.223","0.173","0.228","0.182","0.017","0.179","0.187","0.2","0.4","0.24","0.24","0.135","0.24","0.4","0.24","0.4","0.27","0.27","0.27","0.3","0.193","0.3","0.3","0.342","0.383","0.371","0.339","0.319","0.333","0.333","0.4","0.291","0.341","0.4","0.34","0.359","0.36","0.36","0.4","0.355","0.352","0.4","0.355","0.366","0.364","0.365","0.364","0.364","0.364","0.364","0.367","0.358","0.361","0.355","0.356","0.371","0.369","0.373","0.372","0.375","0.375","0.374","0.372","0.343","0.395","0.396","0.391","0.396","0.39",,,,,,,,,,,,,,,,
TaxEffectOfUnusualItems,"-1,739,478.958","0","0","0","0","0","0","0","0","0","0","0","0","0","0","0","-30,809.129","-79,097.744","-54,000","-513,000","-999,000","-3,726,000","-6,075,000","-11,743,419.062","0","-200,000","21,000","-90,000","-320,000","-6,400,000","-20,920,000","0","0","0","0","0","0","-216,000","-471,500","-2,104,200","-748,000","-425,000","-93,600","-972,000","-4,928,000","0","0","-224,973.089","0","317,409.766","0","-1,889,589.041","0","-475,594.493","-1,572,784.81","117,206.133","-382,812.5","-5,713,432.836","-13,755,000","-40,041,788.743","-1,443,024.963","761,870.504","25,394.322","-2,470,282.659","-458,181.818","-66,921.12","476,708.633","0","0","0","0","0","0","0","0","-2,362,085.064","-1,168,800","-891,537.488","-1,981,050.11","0","0","0","0","-2,929,600","-3,586,922.33","-1,008,350.301","-416,351.486","-4,969,586.919","419,796.266","-2,932,200","0","-968,108.452","-2,091,314.509","-1,970,821.111","-489,182.015","559,011.994","-4,900,000","0","-6,920,000","5,300,214.133","783,757.962","-5,240,000","747,368.421","790,849.673","935,365.854","863,309.353","-22,280,000","780,645.161","35,164.835","-720,000","496,621.622","731,517.51","801,324.503","948,309.179","910,757.946","-8,509,090.909","655,200","618,773.946","586,872.587","465,833.333","721,030.043","568,750","746,861.925","926,966.292","1,108,374.384","1,118,343.195","1,189,189.189","1,275,000","1,273,359.073","1,047,328.244","930,000","1,064,179.104","1,265,116.279","1,029,166.667","860,000","1,029,951.691","740,512.821",,,,,,,,,,,,,,,,