name,ttm,06/30/2023,03/31/2023,12/31/2022,09/30/2022,06/30/2022,03/31/2022,12/31/2021,09/30/2021,06/30/2021,03/31/2021,12/31/2020,09/30/2020,06/30/2020,03/31/2020,12/31/2019,09/30/2019,06/30/2019,03/31/2019,12/31/2018,09/30/2018,06/30/2018,03/31/2018,12/31/2017,09/30/2017,06/30/2017,03/31/2017,12/31/2016,09/30/2016,06/30/2016,03/31/2016,12/31/2015,09/30/2015,06/30/2015,03/31/2015,12/31/2014,09/30/2014,06/30/2014,03/31/2014,12/31/2013,09/30/2013,06/30/2013,03/31/2013,12/31/2012,09/30/2012,06/30/2012,03/31/2012,12/31/2011,09/30/2011,06/30/2011,03/31/2011,12/31/2010,09/30/2010,06/30/2010,03/31/2010,12/31/2009,09/30/2009,06/30/2009,03/31/2009,12/31/2008,09/30/2008,06/30/2008,03/31/2008,12/31/2007,09/30/2007,06/30/2007,03/31/2007,12/31/2006,09/30/2006,06/30/2006,03/31/2006,12/31/2005,09/30/2005,06/30/2005,03/31/2005,12/31/2004,09/30/2004,06/30/2004,03/31/2004,12/31/2003,09/30/2003,06/30/2003,03/31/2003,12/31/2002,09/30/2002,06/30/2002,03/31/2002,12/31/2001,09/30/2001,06/30/2001,03/31/2001,12/31/2000,09/30/2000,06/30/2000,03/31/2000,12/31/1999,09/30/1999,06/30/1999,03/31/1999,12/31/1998,09/30/1998,06/30/1998,03/31/1998,12/31/1997,09/30/1997,06/30/1997,03/31/1997,12/31/1996,09/30/1996,06/30/1996,03/31/1996,12/31/1995,09/30/1995,06/30/1995,03/31/1995,12/31/1994,09/30/1994,06/30/1994,03/31/1994,12/31/1993,09/30/1993,06/30/1993,03/31/1993,12/31/1992,09/30/1992,06/30/1992,03/31/1992,12/31/1991,09/30/1991,06/30/1991,03/31/1991,12/31/1990,09/30/1990,06/30/1990,03/31/1990,12/31/1989,09/30/1989,06/30/1989,03/31/1989,12/31/1988,09/30/1988,06/30/1988,03/31/1988,12/31/1987,09/30/1987,06/30/1987,03/31/1987,12/31/1986,09/30/1986,06/30/1986,03/31/1986,12/31/1985,09/30/1985
TotalRevenue,"52,184,000,000","13,327,000,000","11,047,000,000","11,641,000,000","14,652,000,000","14,441,000,000","15,835,000,000","13,915,000,000","12,835,000,000","10,606,000,000","14,418,000,000","9,712,000,000","10,232,000,000","9,418,000,000","14,481,000,000","11,826,000,000","12,939,000,000","12,547,000,000","12,480,000,000","12,579,000,000","11,509,000,000","11,657,000,000","11,736,000,000","12,629,000,000","12,062,000,000","12,572,000,000","12,667,000,000","13,076,000,000","12,926,000,000","14,846,000,000","11,906,000,000","14,272,000,000","12,848,000,000","15,784,000,000","16,021,000,000","15,607,000,000","16,717,000,000","16,135,000,000","16,149,000,000","21,608,000,000","14,859,000,000","17,317,000,000","15,891,000,000","12,338,000,000","17,648,000,000","17,123,000,000","18,443,000,000","17,409,000,000","12,716,000,000","16,676,000,000","17,436,000,000","21,687,000,000","19,091,000,000","9,014,000,000","16,330,000,000","19,972,000,000","26,049,000,000","29,525,000,000","20,458,000,000","-23,758,000,000","898,000,000","19,933,000,000","14,031,000,000","18,433,000,000","29,836,000,000","31,150,000,000","30,645,000,000","29,993,000,000","29,199,000,000","26,743,000,000","27,259,000,000","27,363,000,000","26,361,000,000","26,861,000,000","27,112,000,000","25,130,000,000","25,411,000,000","23,809,000,000","23,637,000,000","22,179,000,000","20,306,000,000","19,891,000,000","18,927,000,000","17,533,000,000","17,150,000,000","14,938,000,000","14,480,000,000","14,571,000,000","14,001,000,000","11,676,000,000","11,254,000,000","11,557,000,000","10,221,000,000","10,565,000,000","10,083,000,000","10,336,000,000","8,879,000,000","9,424,000,000","9,087,000,000","8,498,900,000","7,711,200,000","7,529,500,000","7,107,400,000","-6,342,162,000","6,984,200,000","7,143,900,000","6,616,600,000","-5,451,429,000","6,553,100,000","6,423,700,000","6,083,700,000","-4,531,977,000","6,031,200,000","5,968,500,000","5,551,800,000","-3,482,090,000","5,227,500,000","5,180,900,000","4,848,100,000","4,993,700,000","4,744,200,000","4,642,500,000","4,316,600,000","4,494,200,000","4,295,300,000","4,207,400,000","4,087,100,000","4,214,400,000","3,912,500,000","3,850,900,000","3,814,700,000","4,038,700,000","3,700,400,000","3,637,100,000","3,495,200,000","3,545,400,000","3,336,600,000","3,340,000,000","3,253,600,000","3,430,900,000","3,431,000,000","3,153,200,000","3,196,100,000","3,304,100,000","2,652,500,000","2,684,200,000","2,504,200,000","2,568,600,000","2,249,100,000","2,129,200,000","1,773,400,000","1,795,600,000","1,446,500,000"
	TotalPremiumsEarned,"34,763,000,000","9,057,000,000","8,481,000,000","9,399,000,000","7,832,000,000","7,516,000,000","7,110,000,000","9,334,000,000","7,504,000,000","7,914,000,000","6,507,000,000","6,996,000,000","6,677,000,000","7,407,000,000","7,443,000,000","7,444,000,000","7,617,000,000","7,430,000,000","8,070,000,000","8,464,000,000","7,668,000,000","7,207,000,000","7,275,000,000","7,915,000,000","8,063,000,000","7,614,000,000","7,782,000,000","8,255,000,000","8,581,000,000","8,751,000,000","8,806,000,000","9,426,000,000","8,862,000,000","9,545,000,000","8,822,000,000","9,305,000,000","9,453,000,000","9,458,000,000","9,038,000,000","9,426,000,000","9,352,000,000","9,200,000,000","9,372,000,000","9,428,000,000","9,503,000,000","9,619,000,000","9,461,000,000","9,781,000,000","9,829,000,000","9,898,000,000","9,482,000,000","12,098,000,000","12,639,000,000","4,692,000,000","10,067,000,000","12,072,000,000","16,041,000,000","17,769,000,000","18,820,000,000","20,016,000,000","21,082,000,000","21,735,000,000","20,672,000,000","20,394,000,000","19,733,000,000","19,533,000,000","19,642,000,000","18,682,000,000","18,856,000,000","18,303,000,000","18,242,000,000","17,739,000,000","17,244,000,000","17,541,000,000","17,682,000,000","16,443,000,000","17,690,000,000","16,321,000,000","16,139,000,000","14,718,000,000","13,721,000,000","13,228,000,000","12,946,000,000","11,996,000,000","11,284,000,000","11,019,000,000","10,290,000,000","10,233,000,000","9,718,000,000","8,591,000,000","8,228,000,000","8,454,000,000","7,389,000,000","7,789,000,000","7,385,000,000","7,484,000,000","6,392,000,000","6,962,000,000","6,648,000,000","6,636,200,000","6,106,200,000","5,986,700,000","5,615,800,000","5,720,079,000","5,569,700,000","5,761,700,000","5,295,200,000","5,560,661,000","5,250,100,000","5,155,000,000","4,867,300,000","5,066,481,000","4,937,600,000","4,886,200,000","4,553,600,000","4,489,552,000","4,316,600,000","4,253,600,000","3,951,500,000","4,108,200,000","3,904,200,000","3,808,400,000","3,491,900,000","3,696,400,000","3,525,000,000","3,469,800,000","3,371,200,000","3,528,000,000","3,237,900,000","3,203,800,000","3,194,200,000","3,446,400,000","3,148,000,000","3,079,100,000","2,953,500,000",,,,,,,,,,,,,,,,,,
	NetInvestmentIncome,"3,767,000,000","388,000,000","-1,181,000,000","-2,563,000,000","3,491,000,000","2,604,000,000","5,585,000,000","-835,000,000","1,120,000,000","-1,776,000,000","1,521,000,000","-4,019,000,000","-536,000,000","-1,755,000,000","3,190,000,000","-839,000,000","686,000,000","404,000,000","3,463,000,000","3,156,000,000","3,175,000,000","3,440,000,000","3,096,000,000","2,925,000,000","2,762,000,000","3,248,000,000","3,242,000,000","2,626,000,000","3,455,000,000","3,745,000,000","2,725,000,000","2,909,000,000","2,946,000,000","3,950,000,000","3,918,000,000","4,013,000,000","4,014,000,000","3,841,000,000","3,768,000,000","4,001,000,000","3,709,000,000","4,046,000,000","3,819,000,000","2,256,000,000","4,650,000,000","4,481,000,000","7,105,000,000","4,594,000,000","128,000,000","4,464,000,000","5,569,000,000","6,059,000,000","5,231,000,000","4,980,000,000","4,836,000,000","5,515,000,000","8,656,000,000","8,785,000,000","2,283,000,000","-2,406,000,000","2,946,000,000","6,728,000,000","4,954,000,000","7,470,000,000","6,172,000,000","7,853,000,000","7,124,000,000","8,543,000,000","6,263,000,000","5,912,000,000","5,827,000,000","-15,117,000,000","5,629,000,000","5,198,000,000","5,292,000,000","-13,523,000,000","4,708,000,000","4,656,000,000","4,720,000,000","4,348,000,000","4,104,000,000","4,186,000,000","4,024,000,000","3,820,000,000","3,840,000,000","3,726,000,000","3,648,000,000","-8,952,000,000","3,659,000,000","2,658,000,000","2,637,000,000","-5,796,000,000","2,449,000,000","2,400,000,000","2,334,000,000",,,,,,,,,,,,,,,,,,,,,,,,,,,,,,,,,,,,,,,,,,,,,,,,,,,,,,,,,,
	NetRealizedGainLossOnInvestments,"7,733,000,000","2,289,000,000","2,171,000,000","2,634,000,000","2,153,000,000","3,392,000,000","1,668,000,000","3,727,000,000","2,820,000,000","2,799,000,000","4,991,000,000","4,892,000,000","2,479,000,000","2,269,000,000","2,616,000,000","3,194,000,000","3,384,000,000","3,215,000,000","31,000,000","-121,000,000","-246,000,000","3,000,000","117,000,000","69,000,000","-23,000,000","292,000,000","205,000,000","-60,000,000","274,000,000","1,140,000,000","-171,000,000","254,000,000","-40,000,000","21,000,000","1,053,000,000","142,000,000","197,000,000","221,000,000","226,000,000","772,000,000","425,000,000","1,309,000,000","319,000,000","2,116,000,000","647,000,000","397,000,000","-303,000,000","694,000,000","412,000,000","66,000,000","-651,000,000","1,203,000,000","-661,000,000","-658,000,000","-548,000,000","759,000,000","-1,978,000,000","-663,000,000","-3,102,000,000","-25,002,000,000","-18,312,000,000","-6,081,000,000","-6,089,000,000","-2,630,000,000","-864,000,000","-28,000,000","-70,000,000","238,000,000","-87,000,000","-214,000,000","169,000,000","20,034,000,000","79,000,000","245,000,000","88,000,000","16,825,000,000","-12,000,000","-143,000,000","83,000,000","-85,000,000","-360,000,000","-356,000,000","-632,000,000","-985,000,000","-595,000,000","-629,000,000","-232,000,000","11,318,000,000","-114,000,000","-45,000,000","-51,000,000","7,502,000,000","-37,000,000","-34,000,000","-21,000,000",,,,,,,,,,,,,,,,,,,,,,,,,,,,,,,,,,,,,,,,,,,,,,,,,,,,,,,,,,
	InterestIncome,"1,660,000,000","484,000,000","567,000,000","734,000,000","515,000,000",,"453,000,000","657,000,000","435,000,000","503,000,000","414,000,000","489,000,000","489,000,000","498,000,000","513,000,000","519,000,000","495,000,000","518,000,000",,,,,,,,,,,,,,,,,,,,,,,,,,,,,,,,,,,,,,,,,,,,,,,,,,,,,,,,,,,,,,,,,,,,,,,,,,,,,,,,,,,,,,,,,,,,,,,,,,,,,,,,,,,,,,,,,,,,,,,,,,,,,,,,,,,,,,,
	NetForeignExchangeGainLoss,"596,000,000","222,000,000","130,000,000","513,000,000","-266,000,000",,"-23,000,000",,,"148,000,000","-55,000,000","328,000,000","257,000,000","44,000,000","-254,000,000","469,000,000","-203,000,000","-2,000,000","-37,000,000","-27,000,000","-21,000,000","-187,000,000","53,000,000","190,000,000","66,000,000","74,000,000","159,000,000","-29,000,000","-639,000,000","-38,000,000","-520,000,000","112,000,000","-16,000,000","66,000,000","254,000,000","269,000,000","350,000,000","-47,000,000","26,000,000","16,000,000","-276,000,000","82,000,000","329,000,000",,,,,,,,,,,,,,,,,,,,,,,,,,,,,,,,,,,,,,,,,,,,,,,,,,,,,,,,,,,,,,,,,,,,,,,,,,,,,,,,,,,,,,,,,,,,,,,,,,,,,,,,,,,,,,
	FeeRevenueAndOtherIncome,"3,665,000,000","887,000,000","879,000,000","924,000,000","927,000,000","929,000,000","1,042,000,000","1,021,000,000","956,000,000","1,018,000,000","1,040,000,000","1,026,000,000","866,000,000","955,000,000","973,000,000","1,039,000,000","960,000,000","982,000,000","953,000,000","1,107,000,000","933,000,000","1,194,000,000","1,195,000,000","1,530,000,000","1,194,000,000","1,344,000,000","1,279,000,000","2,284,000,000","1,255,000,000","1,248,000,000","1,066,000,000","1,571,000,000","1,096,000,000","2,202,000,000","1,974,000,000","1,878,000,000","2,703,000,000","2,662,000,000","3,091,000,000","7,393,000,000","1,649,000,000","2,680,000,000","2,052,000,000","-1,228,000,000","2,848,000,000","2,626,000,000","2,180,000,000","2,340,000,000","2,347,000,000","2,248,000,000","3,036,000,000","2,327,000,000","1,882,000,000","2,404,000,000","1,975,000,000","1,626,000,000","3,330,000,000","3,634,000,000","2,457,000,000","-16,366,000,000","-4,818,000,000","-2,449,000,000","-5,506,000,000","-6,801,000,000","4,795,000,000","3,792,000,000","3,949,000,000","2,530,000,000","4,167,000,000","2,742,000,000","3,021,000,000","3,530,000,000","3,409,000,000","3,877,000,000","4,050,000,000","4,289,000,000","3,025,000,000","2,975,000,000","2,695,000,000","3,198,000,000","2,841,000,000","2,833,000,000","2,589,000,000","2,702,000,000","2,621,000,000","822,000,000","774,000,000","831,000,000","738,000,000","472,000,000","440,000,000","508,000,000","420,000,000","410,000,000","385,000,000","-5,993,000,000","2,487,000,000","2,462,000,000","2,439,000,000","-3,726,300,000","1,605,000,000","1,542,800,000","1,491,600,000","-16,961,594,000","1,414,500,000","1,382,200,000","1,321,400,000","-15,477,125,000","1,303,000,000","1,268,700,000","1,216,400,000","-13,509,858,000","1,093,600,000","1,082,300,000","998,200,000","-11,294,355,000","910,900,000","927,300,000","896,600,000","885,500,000","840,000,000","834,100,000","824,700,000","797,800,000","770,300,000","737,600,000","715,900,000","686,400,000","674,600,000","647,100,000","620,500,000","592,300,000","552,400,000","558,000,000","541,700,000",,,,,,,,,,,,,,,,,,
		FeesAndCommissions,"3,756,000,000","694,000,000","879,000,000","924,000,000","927,000,000","929,000,000","1,042,000,000","1,021,000,000","956,000,000","1,018,000,000","1,040,000,000","1,026,000,000","866,000,000","955,000,000","973,000,000","1,039,000,000","960,000,000","982,000,000","953,000,000","1,107,000,000","933,000,000","1,194,000,000","1,195,000,000","1,530,000,000","1,194,000,000","1,344,000,000","1,279,000,000","2,284,000,000","1,255,000,000","1,248,000,000","1,066,000,000","1,571,000,000","1,096,000,000","2,202,000,000","1,974,000,000","1,878,000,000","2,703,000,000","2,173,000,000","1,978,000,000","2,973,000,000","1,649,000,000","2,680,000,000","2,052,000,000","4,317,000,000","691,000,000","674,000,000","691,000,000","681,000,000","658,000,000","682,000,000","684,000,000",,,,,,,,,,,,,,,,,,,,,,,,,,,,,,,,,,,,,,,,,,,,,,,,,,,,,,,,,,,,,,,,,,,,,,,,,,,,,,,,,,,,,,,,,,,,,,,,,,,,,,
		OtherIncomeExpense,,"193,000,000",,,,,,,"242,000,000","247,000,000","256,000,000","261,000,000","218,000,000","206,000,000","218,000,000","261,000,000","227,000,000","213,000,000","218,000,000","373,000,000","403,000,000","431,000,000","431,000,000","772,000,000","466,000,000","619,000,000","555,000,000","1,581,000,000","609,000,000","552,000,000","379,000,000","882,000,000","395,000,000","1,514,000,000","1,297,000,000","0","1,960,000,000","489,000,000","1,113,000,000","6,741,000,000","1,004,000,000","2,057,000,000","1,437,000,000","-1,963,000,000","2,157,000,000","1,952,000,000","1,489,000,000","1,659,000,000","1,689,000,000","1,566,000,000","2,352,000,000","2,327,000,000","1,882,000,000","2,404,000,000","1,975,000,000","1,626,000,000","3,330,000,000","3,634,000,000","2,457,000,000","-16,366,000,000","-4,818,000,000","-2,449,000,000","-5,506,000,000","-6,801,000,000","4,795,000,000","3,792,000,000","3,949,000,000","2,530,000,000","4,167,000,000","2,742,000,000","3,021,000,000","3,530,000,000","3,409,000,000","3,877,000,000","4,050,000,000","4,289,000,000","3,025,000,000","2,975,000,000","2,695,000,000","3,198,000,000","2,841,000,000","2,833,000,000","2,589,000,000","2,702,000,000","2,621,000,000","822,000,000","774,000,000","831,000,000","738,000,000","472,000,000","440,000,000","508,000,000","420,000,000","410,000,000","385,000,000","-5,993,000,000","2,487,000,000","2,462,000,000","2,439,000,000","-3,726,300,000","1,605,000,000","1,542,800,000","1,491,600,000","-16,961,594,000","1,414,500,000","1,382,200,000","1,321,400,000","-15,477,125,000","1,303,000,000","1,268,700,000","1,216,400,000","-13,509,858,000","1,093,600,000","1,082,300,000","998,200,000","-11,294,355,000","910,900,000","927,300,000","896,600,000","885,500,000","840,000,000","834,100,000","824,700,000","797,800,000","770,300,000","737,600,000","715,900,000","686,400,000","674,600,000","647,100,000","620,500,000","592,300,000","552,400,000","558,000,000","541,700,000",,,,,,,,,,,,,,,,,,
TotalExpenses,"45,905,000,000","11,460,000,000","11,278,000,000","11,362,000,000","10,805,000,000","10,120,000,000","10,000,000,000","8,867,000,000","10,659,000,000","10,459,000,000","9,690,000,000","10,270,000,000","9,864,000,000","19,079,000,000","11,923,000,000","10,790,000,000","11,679,000,000","10,710,000,000","11,326,000,000","13,274,000,000","13,036,000,000","10,405,000,000","10,509,000,000","11,754,000,000","14,865,000,000","10,905,000,000","10,940,000,000","16,531,000,000","12,189,000,000","11,988,000,000","12,120,000,000","17,204,000,000","12,963,000,000","13,232,000,000","12,245,000,000","14,878,000,000","13,698,000,000","11,655,000,000","13,876,000,000","19,398,000,000","13,680,000,000","14,170,000,000","13,059,000,000","11,946,000,000","15,053,000,000","15,372,000,000","13,859,000,000","14,542,000,000","17,074,000,000","14,870,000,000","18,816,000,000","7,549,000,000","18,669,000,000","7,411,000,000","15,495,000,000","28,364,000,000","26,256,000,000","28,206,000,000","26,826,000,000","36,798,000,000","29,083,000,000","28,689,000,000","25,295,000,000","26,869,000,000","24,957,000,000","24,822,000,000","24,473,000,000","24,641,000,000","22,898,000,000","21,502,000,000","22,466,000,000","27,061,000,000","23,884,000,000","21,066,000,000","21,669,000,000","22,818,000,000","21,453,000,000","19,420,000,000","19,346,000,000","18,129,000,000","16,802,000,000","16,461,000,000","16,003,000,000","17,846,000,000","14,421,000,000","12,171,000,000","11,521,000,000","11,854,000,000","13,384,000,000","9,291,000,000","8,982,000,000","9,359,000,000","8,157,000,000","8,469,000,000","8,092,000,000","20,549,000,000","3,028,000,000","3,373,000,000","3,264,000,000","18,032,200,000","2,404,500,000","2,490,000,000","1,742,600,000","2,443,040,000","2,460,500,000","2,489,800,000","2,310,600,000","2,879,149,000","2,290,400,000","2,249,700,000","2,176,800,000","3,499,940,000","2,097,700,000","2,087,200,000","1,868,700,000","1,759,231,000","2,453,500,000","2,417,400,000","2,192,300,000","2,346,100,000","2,179,600,000","2,113,000,000","1,860,200,000","2,056,100,000","1,885,700,000","1,808,700,000","1,693,400,000","1,823,400,000","1,618,900,000","1,596,500,000","1,544,500,000","1,680,800,000","1,472,300,000","1,424,900,000","1,329,900,000",,,,,,,,,,,,,,,,,,
	LossAdjustmentExpense,"25,982,000,000","6,858,000,000","6,397,000,000","6,206,000,000","6,187,000,000","5,123,000,000","5,255,000,000","7,206,000,000","5,959,000,000","6,084,000,000","5,139,000,000","6,088,000,000","5,872,000,000","6,521,000,000","6,325,000,000","6,029,000,000","6,892,000,000","5,802,000,000","6,679,000,000","7,928,000,000","8,312,000,000","5,505,000,000","5,667,000,000","7,319,000,000","10,322,000,000","6,284,000,000","6,047,000,000","11,689,000,000","7,489,000,000","6,872,000,000","6,387,000,000","10,758,000,000","6,936,000,000","7,100,000,000","6,551,000,000","1,063,000,000","9,320,000,000","8,984,000,000","8,914,000,000","9,701,000,000","9,667,000,000","10,335,000,000","8,966,000,000","18,350,000,000","7,991,000,000","7,769,000,000","7,102,000,000","8,071,000,000","8,333,000,000","8,086,000,000","8,959,000,000","15,127,000,000","11,175,000,000","10,607,000,000","8,519,000,000","12,238,000,000","15,882,000,000","17,273,000,000","16,043,000,000","11,778,000,000","17,189,000,000","18,450,000,000","15,882,000,000","18,153,000,000","15,595,000,000","16,221,000,000","16,146,000,000","15,981,000,000","14,737,000,000","13,988,000,000","15,000,000,000","18,046,000,000","16,503,000,000","14,336,000,000","14,865,000,000","15,604,000,000","15,434,000,000","13,541,000,000","13,734,000,000","12,481,000,000","11,660,000,000","11,453,000,000","11,292,000,000","13,197,000,000","9,945,000,000","9,618,000,000","9,167,000,000","9,253,000,000","9,337,000,000","7,226,000,000","7,139,000,000","7,313,000,000","6,368,000,000","6,644,000,000","6,394,000,000","18,583,000,000","1,511,000,000","1,763,000,000","1,751,000,000","16,442,200,000","985,100,000","1,168,900,000","1,154,800,000","23,456,917,000","1,153,400,000","1,201,800,000","1,166,600,000","21,994,109,000","1,053,900,000","1,101,800,000","1,053,900,000","20,145,969,000","936,600,000","909,400,000","843,900,000","15,426,362,000","1,423,400,000","1,431,800,000","1,289,300,000","1,330,700,000","1,225,900,000","1,239,800,000","1,094,900,000","1,138,500,000","1,046,100,000","1,011,900,000","927,400,000","984,600,000","855,900,000","855,000,000","797,600,000","873,900,000","730,900,000","704,800,000","637,300,000",,,,,,,,,,,,,,,,,,
		NetPolicyholderBenefitsAndClaims,"25,982,000,000","6,858,000,000","6,397,000,000","6,206,000,000","6,187,000,000","5,123,000,000","5,255,000,000","7,206,000,000","5,959,000,000","6,084,000,000","5,139,000,000","6,088,000,000","5,872,000,000","6,521,000,000","6,325,000,000","6,029,000,000","6,892,000,000","5,802,000,000","6,679,000,000","7,928,000,000","8,312,000,000","5,505,000,000","5,667,000,000","7,319,000,000","10,322,000,000","6,284,000,000","6,047,000,000","11,689,000,000","7,489,000,000","6,872,000,000","6,387,000,000","10,758,000,000","6,936,000,000","7,100,000,000","6,551,000,000","1,063,000,000","9,320,000,000","8,984,000,000","8,914,000,000","9,701,000,000","9,667,000,000","10,335,000,000","8,966,000,000","18,350,000,000","7,991,000,000","7,769,000,000","7,102,000,000","8,071,000,000","8,333,000,000","8,086,000,000","8,959,000,000","15,127,000,000","11,175,000,000","10,607,000,000","8,519,000,000","12,238,000,000","15,882,000,000","17,273,000,000","16,043,000,000","11,778,000,000","17,189,000,000","18,450,000,000","15,882,000,000","18,153,000,000","15,595,000,000","16,221,000,000","16,146,000,000","15,981,000,000","14,737,000,000","13,988,000,000","15,000,000,000","18,046,000,000","16,503,000,000","14,336,000,000","14,865,000,000","15,604,000,000","15,434,000,000","13,541,000,000","13,734,000,000","12,481,000,000","11,660,000,000","11,453,000,000","11,292,000,000","13,197,000,000","9,945,000,000","9,618,000,000","9,167,000,000","9,253,000,000","9,337,000,000","7,226,000,000","7,139,000,000","7,313,000,000","6,368,000,000","6,644,000,000","6,394,000,000","18,583,000,000","1,511,000,000","1,763,000,000","1,751,000,000","16,442,200,000","985,100,000","1,168,900,000","1,154,800,000","23,456,917,000","1,153,400,000","1,201,800,000","1,166,600,000","21,994,109,000","1,053,900,000","1,101,800,000","1,053,900,000","20,145,969,000","936,600,000","909,400,000","843,900,000","15,426,362,000","1,423,400,000","1,431,800,000","1,289,300,000","1,330,700,000","1,225,900,000","1,239,800,000","1,094,900,000","1,138,500,000","1,046,100,000","1,011,900,000","927,400,000","984,600,000","855,900,000","855,000,000","797,600,000","873,900,000","730,900,000","704,800,000","637,300,000",,,,,,,,,,,,,,,,,,
			PolicyholderBenefitsGross,"25,982,000,000","6,858,000,000","6,397,000,000","6,206,000,000","6,187,000,000","5,123,000,000","5,255,000,000","7,206,000,000","5,959,000,000","6,084,000,000","5,139,000,000","6,088,000,000","5,872,000,000","6,521,000,000","6,325,000,000","6,029,000,000","6,892,000,000","5,802,000,000","6,679,000,000","7,928,000,000","8,312,000,000","5,505,000,000","5,667,000,000","7,319,000,000","10,322,000,000","6,284,000,000","6,047,000,000","11,689,000,000","7,489,000,000","6,872,000,000","6,387,000,000","10,758,000,000","6,936,000,000","7,100,000,000","6,551,000,000","1,063,000,000","9,320,000,000","8,984,000,000","8,914,000,000","9,701,000,000","9,667,000,000","10,335,000,000","8,966,000,000","18,350,000,000","7,991,000,000","7,769,000,000","7,102,000,000","8,071,000,000","8,333,000,000","8,086,000,000","8,959,000,000",,,,,,,,,,,,,,,,,,,,,,,,,,,,,,,,,,,,,,,,,,,,,,,,,,,,,,,,,,,,,,,,,,,,,,,,,,,,,,,,,,,,,,,,,,,,,,,,,,,,,,
	PolicyholderInterest,"4,021,000,000","1,062,000,000","1,040,000,000","971,000,000","951,000,000","910,000,000","877,000,000","894,000,000","923,000,000","872,000,000","868,000,000","865,000,000","882,000,000","918,000,000","957,000,000","959,000,000","966,000,000","967,000,000","940,000,000","970,000,000","933,000,000","935,000,000","916,000,000","909,000,000","867,000,000","906,000,000","910,000,000","907,000,000","887,000,000","961,000,000","950,000,000","973,000,000","881,000,000","942,000,000","935,000,000","968,000,000","882,000,000","963,000,000","955,000,000","979,000,000","924,000,000","972,000,000","1,017,000,000","1,038,000,000","1,191,000,000","1,064,000,000","1,069,000,000","1,097,000,000","1,134,000,000","1,110,000,000","1,105,000,000",,,,,,,,,,,,,,,,,,,,,,,,,,,,,,,,,,,,,,,,,,,,,,,,,,,,,,,,,,,,,,,,,,,,,,,,,,,,,,,,,,,,,,,,,,,,,,,,,,,,,,
	PolicyAcquisitionExpense,"5,200,000,000","1,190,000,000","1,293,000,000","987,000,000","1,248,000,000","1,298,000,000","1,437,000,000","1,094,000,000","1,260,000,000","915,000,000","1,304,000,000","888,000,000","707,000,000","754,000,000","1,862,000,000","1,184,000,000","1,252,000,000","1,439,000,000","1,289,000,000","1,573,000,000","1,118,000,000","1,337,000,000","1,358,000,000","1,153,000,000","912,000,000","1,115,000,000","1,108,000,000","896,000,000","1,018,000,000","1,345,000,000","1,262,000,000","1,255,000,000","1,275,000,000","1,356,000,000","1,350,000,000","1,341,000,000","1,288,000,000","1,396,000,000","1,305,000,000","1,298,000,000","1,220,000,000","1,353,000,000","1,286,000,000","1,368,000,000","1,522,000,000","3,736,000,000","3,605,000,000","8,118,000,000","2,490,000,000","3,439,000,000","1,551,000,000","4,652,000,000","3,898,000,000","3,968,000,000","3,262,000,000","5,105,000,000","4,812,000,000","5,694,000,000","5,294,000,000","9,005,000,000","6,919,000,000","10,239,000,000","9,413,000,000","8,716,000,000","9,362,000,000","8,601,000,000","8,327,000,000","8,660,000,000","8,161,000,000","7,514,000,000","7,466,000,000","9,015,000,000","7,381,000,000","6,730,000,000","6,804,000,000","7,214,000,000","6,019,000,000","5,879,000,000","5,612,000,000","5,648,000,000","5,142,000,000","5,008,000,000","4,711,000,000","4,649,000,000","4,476,000,000","1,401,000,000","1,306,000,000","5,295,000,000","1,482,000,000","1,023,000,000","903,000,000","4,500,000,000","862,000,000","894,000,000","831,000,000","1,769,000,000","1,517,000,000","1,610,000,000","1,513,000,000","1,503,000,000","1,419,400,000","1,321,100,000","587,800,000","-1,164,447,000","1,307,100,000","1,288,000,000","1,144,000,000","-1,047,860,000","1,236,500,000","1,147,900,000","1,122,900,000","-979,387,000","1,161,100,000","1,177,800,000","1,024,800,000","-785,087,000","1,030,100,000","985,600,000","903,000,000","1,015,400,000","953,700,000","873,200,000","765,300,000","917,600,000","839,600,000","796,800,000","766,000,000","838,800,000","763,000,000","741,500,000","746,900,000","806,900,000","741,400,000","720,100,000","692,600,000",,,,,,,,,,,,,,,,,,
	UnderwritingExpenses,,,,,,,,,,,,,,,,,,,,,,,,,,,,,,,,,,,,,,,,,,,,,"2,214,000,000",,,,"1,214,000,000",,,,,,,,,,,,,,,,,,,,,,,,,,,,,,,,,,,,,"1,103,000,000","1,054,000,000",,"1,038,000,000","983,000,000","894,000,000",,"853,000,000","869,000,000","807,000,000",,,,,,,,,,,,,,,,,,,,,,,,,,,,,,,,,,,,,,,,,,,,,,,,,,,,,,,,,,
	SellingGeneralAndAdministration,"9,073,000,000","2,268,000,000","1,980,000,000","2,698,000,000","2,093,000,000","2,223,000,000","2,181,000,000","2,244,000,000","2,240,000,000","2,218,000,000","2,088,000,000","2,165,000,000","1,991,000,000","2,087,000,000","2,153,000,000","2,157,000,000","2,187,000,000","2,140,000,000","2,053,000,000","2,383,000,000","2,325,000,000","2,323,000,000","2,271,000,000","2,333,000,000","2,149,000,000","2,182,000,000","2,443,000,000","2,864,000,000","2,536,000,000","2,586,000,000","3,003,000,000","3,472,000,000","3,175,000,000","3,090,000,000","2,949,000,000","13,138,000,000","0","489,000,000","1,096,000,000",,,,,,"720,000,000",,,"584,000,000","2,093,000,000",,,,,,,,,,,,,,,,,,,,,,,,,,,,,,,,,,,,,,,,,,,,,,,,,,,,,,,,,,,,,,,,,,,,,,,,,,,,,,,,,,,,,,,,,,,,,,,,,,,,,,,,
		GeneralAndAdministrativeExpense,"9,073,000,000","2,268,000,000","1,980,000,000","2,698,000,000","2,093,000,000","2,223,000,000","2,181,000,000","2,244,000,000","2,240,000,000","2,218,000,000","2,088,000,000","2,165,000,000","1,991,000,000","2,087,000,000","2,153,000,000","2,157,000,000","2,187,000,000","2,140,000,000","2,053,000,000","2,383,000,000","2,325,000,000","2,323,000,000","2,271,000,000","2,333,000,000","2,149,000,000","2,182,000,000","2,443,000,000","2,864,000,000","2,536,000,000","2,586,000,000","3,003,000,000","3,472,000,000","3,175,000,000","3,090,000,000","2,949,000,000","13,138,000,000",,"489,000,000","1,096,000,000",,,,,,"720,000,000",,,"584,000,000","2,093,000,000",,,,,,,,,,,,,,,,,,,,,,,,,,,,,,,,,,,,,,,,,,,,,,,,,,,,,,,,,,,,,,,,,,,,,,,,,,,,,,,,,,,,,,,,,,,,,,,,,,,,,,,,
			OtherGandA,"9,073,000,000","2,268,000,000","1,980,000,000","2,698,000,000","2,093,000,000","2,223,000,000","2,181,000,000","2,244,000,000","2,240,000,000","2,218,000,000","2,088,000,000","2,165,000,000","1,991,000,000","2,087,000,000","2,153,000,000","2,157,000,000","2,187,000,000","2,140,000,000","2,053,000,000","2,383,000,000","2,325,000,000","2,323,000,000","2,271,000,000","2,333,000,000","2,149,000,000","2,182,000,000","2,443,000,000","2,864,000,000","2,536,000,000","2,586,000,000","3,003,000,000","3,472,000,000","3,175,000,000","3,090,000,000","2,949,000,000","13,138,000,000",,"489,000,000","1,096,000,000",,,,,,"720,000,000",,,"584,000,000","2,093,000,000",,,,,,,,,,,,,,,,,,,,,,,,,,,,,,,,,,,,,,,,,,,,,,,,,,,,,,,,,,,,,,,,,,,,,,,,,,,,,,,,,,,,,,,,,,,,,,,,,,,,,,,,
	NetNonOperatingInterestIncomeExpense,"-1,181,000,000","-278,000,000","-307,000,000","-314,000,000","-282,000,000","-266,000,000","-263,000,000","-297,000,000","-328,000,000","-338,000,000","-342,000,000","-358,000,000","-379,000,000","-365,000,000","-355,000,000","-360,000,000","-348,000,000","-360,000,000","-349,000,000","-407,000,000","-326,000,000","-299,000,000","-277,000,000","-288,000,000","-290,000,000","-292,000,000","-298,000,000","-305,000,000","-329,000,000","-320,000,000","-306,000,000","-304,000,000","-321,000,000","-316,000,000","-340,000,000","-346,000,000","-430,000,000","-463,000,000","-479,000,000","-514,000,000","-516,000,000","-535,000,000","-577,000,000","576,000,000","-988,000,000","-954,000,000","-953,000,000","-897,000,000","-945,000,000","-968,000,000","-1,061,000,000","-2,525,000,000","-2,158,000,000","-2,009,000,000","-1,734,000,000","-7,414,000,000","-2,510,000,000","-2,600,000,000","-2,845,000,000","-12,105,000,000","-2,297,000,000",,,,,,,,,,,,,,,,,,,,,,,,,,,,,,,,,,,,,,,,,,,,,,,,,,,,,,,,,,,,,,,,,,,,,,,,,,,,,,,,,,,,,,,,,,,,
		InterestExpenseNonOperating,"1,181,000,000","278,000,000","307,000,000","314,000,000","282,000,000","266,000,000","263,000,000","297,000,000","328,000,000","338,000,000","342,000,000","358,000,000","379,000,000","365,000,000","355,000,000","360,000,000","348,000,000","360,000,000","349,000,000","407,000,000","326,000,000","299,000,000","277,000,000","288,000,000","290,000,000","292,000,000","298,000,000","305,000,000","329,000,000","320,000,000","306,000,000","304,000,000","321,000,000","316,000,000","340,000,000","346,000,000","430,000,000","463,000,000","479,000,000","514,000,000","516,000,000","535,000,000","577,000,000","-576,000,000","988,000,000","954,000,000","953,000,000","897,000,000","945,000,000","968,000,000","1,061,000,000","2,525,000,000","2,158,000,000","2,009,000,000","1,734,000,000","7,414,000,000","2,510,000,000","2,600,000,000","2,845,000,000","12,105,000,000","2,297,000,000",,,,,,,,,,,,,,,,,,,,,,,,,,,,,,,,,,,,,,,,,,,,,,,,,,,,,,,,,,,,,,,,,,,,,,,,,,,,,,,,,,,,,,,,,,,,
	SpecialIncomeCharges,"-84,000,000","43,000,000","-2,000,000","-131,000,000","6,000,000","-300,000,000","40,000,000","2,696,000,000","51,000,000","-107,000,000","15,000,000","130,000,000","-22,000,000","-8,412,000,000","-233,000,000","-90,000,000","-9,000,000","-16,000,000","8,000,000","6,000,000","1,000,000","20,000,000","4,000,000","242,000,000","-287,000,000","-102,000,000","-140,000,000","128,000,000","62,000,000","126,000,000","-242,000,000","-341,000,000","-407,000,000","-415,000,000","-144,000,000","-1,329,000,000","-776,000,000","2,095,000,000","-276,000,000","-1,211,000,000","-81,000,000","-38,000,000","-340,000,000","21,000,000","0","-657,000,000","-646,000,000","486,000,000","-2,000,000","-708,000,000","-72,000,000","17,406,000,000","-155,000,000","128,000,000","-187,000,000","-1,581,000,000","-371,000,000","-343,000,000","-362,000,000",,,,,,,,,,,,,,,,,,,,,,,,,"0","0","0",,"0","-1,363,000,000",,,,,,,,,,,,,,,,,,,,,,,,,,,,,,,,,,,,,,,,,,,,,,,,,,,,,,,,,,,,,,,,
		RestructuringAndMergernAcquisition,,,,,,,,,,,,,,,,,,,,,,,,,,,,,,,,,,,,,,,,,,,,,,,,,,,,"235,000,000","159,000,000","70,000,000","110,000,000","310,000,000","371,000,000","343,000,000","362,000,000",,,,,,,,,,,,,,,,,,,,,,,,,"0","0","0",,"0","1,363,000,000",,,,,,,,,,,,,,,,,,,,,,,,,,,,,,,,,,,,,,,,,,,,,,,,,,,,,,,,,,,,,,,,
		WriteOff,,,,,,,,,,,,,,,,,,,,"0","0","0","0","0","273,000,000","46,000,000","41,000,000","68,000,000","80,000,000","92,000,000","157,000,000","340,000,000","58,000,000","72,000,000","70,000,000","62,000,000","52,000,000","45,000,000","42,000,000",,,,,,,,,,,,,,,,,,,,,,,,,,,,,,,,,,,,,,,,,,,,,,,,,,,,,,,,,,,,,,,,,,,,,,,,,,,,,,,,,,,,,,,,,,,,,,,,,,,,,,,,,,,,,,,,,,
		OtherSpecialCharges,"84,000,000","-43,000,000","2,000,000","131,000,000","-6,000,000","300,000,000","-40,000,000","-2,696,000,000","-51,000,000","107,000,000","-15,000,000","-130,000,000","22,000,000","8,412,000,000","233,000,000","90,000,000","9,000,000","16,000,000","-8,000,000","-6,000,000","-1,000,000","-20,000,000","-4,000,000","-242,000,000","14,000,000","56,000,000","99,000,000","-196,000,000","-142,000,000","-218,000,000","85,000,000","1,000,000","349,000,000","343,000,000","74,000,000","1,267,000,000","724,000,000","-2,140,000,000","234,000,000","240,000,000","81,000,000","38,000,000","340,000,000","-21,000,000",,"657,000,000","646,000,000","-486,000,000","2,000,000","708,000,000",,"-17,641,000,000","-4,000,000","-198,000,000","77,000,000",,,,,,,,,,,,,,,,,,,,,,,,,,,,,,,,,,,,,,,,,,,,,,,,,,,,,,,,,,,,,,,,,,,,,,,,,,,,,,,,,,,,,,,,,,,,,,,,,,
	OtherOperatingExpenses,"364,000,000","-153,000,000","259,000,000","55,000,000","50,000,000",,"27,000,000",,,"-75,000,000","-36,000,000","36,000,000","11,000,000","22,000,000","38,000,000","11,000,000","25,000,000","-14,000,000","24,000,000","19,000,000","23,000,000","26,000,000","24,000,000","-6,000,000","38,000,000","24,000,000","-6,000,000","-2,000,000","-8,000,000","30,000,000","-30,000,000","101,000,000","-32,000,000","13,000,000","-24,000,000","-3,307,000,000","1,002,000,000","1,455,000,000","851,000,000","1,146,000,000","1,272,000,000","937,000,000","873,000,000","514,000,000","427,000,000","1,192,000,000","484,000,000","679,000,000","863,000,000","559,000,000","6,068,000,000","2,651,000,000","1,283,000,000","1,923,000,000","1,793,000,000","2,026,000,000","2,681,000,000","2,296,000,000","2,282,000,000","3,152,000,000","2,678,000,000",,,,,,,,,,,,,,,,,,,,,,,,,"49,000,000","-6,000,000","221,000,000","164,000,000","59,000,000","46,000,000","75,000,000","74,000,000","62,000,000","60,000,000",,,,,,,,,,,,,,,,,,,,,,,,,,,,,,,,,,,,,,,,,,,,,,,,,,,,,,,,,,
PretaxIncome,"6,279,000,000","1,867,000,000","-231,000,000","279,000,000","3,847,000,000","4,321,000,000","5,835,000,000","5,048,000,000","2,176,000,000","147,000,000","4,728,000,000","-558,000,000","368,000,000","-9,661,000,000","2,558,000,000","1,036,000,000","1,260,000,000","1,837,000,000","1,154,000,000","-695,000,000","-1,527,000,000","1,252,000,000","1,227,000,000","875,000,000","-2,803,000,000","1,667,000,000","1,727,000,000","-3,455,000,000","737,000,000","2,858,000,000","-214,000,000","-2,932,000,000","-115,000,000","2,552,000,000","3,776,000,000","729,000,000","3,019,000,000","4,480,000,000","2,273,000,000","2,210,000,000","1,179,000,000","3,147,000,000","2,832,000,000","392,000,000","2,595,000,000","1,751,000,000","4,584,000,000","2,867,000,000","-4,358,000,000","1,806,000,000","-1,380,000,000","14,138,000,000","422,000,000","1,603,000,000","835,000,000","-8,392,000,000","-207,000,000","1,319,000,000","-6,368,000,000","-60,556,000,000","-28,185,000,000","-8,756,000,000","-11,264,000,000","-8,436,000,000","4,879,000,000","6,328,000,000","6,172,000,000","5,352,000,000","6,301,000,000","5,241,000,000","4,793,000,000","302,000,000","2,477,000,000","5,795,000,000","5,443,000,000","2,312,000,000","3,958,000,000","4,389,000,000","4,291,000,000","4,050,000,000","3,504,000,000","3,430,000,000","2,924,000,000","-313,000,000","2,729,000,000","2,767,000,000","2,959,000,000","2,717,000,000","617,000,000","2,385,000,000","2,272,000,000","2,198,000,000","2,064,000,000","2,096,000,000","1,991,000,000","7,512,000,000","0","0","0","5,529,000,000","0","0","0","4,698,898,000","0","0","0","4,013,222,000","0","0","0","3,465,883,000","0","0","0","2,951,979,000","0","0","0","0","0","0","0","0","0","0","0","0","0","0","0","0","0","0","0",,,,,,,,,,,,,,,,,,
TaxProvision,"1,039,000,000","176,000,000","-144,000,000","93,000,000","806,000,000","928,000,000","1,179,000,000","942,000,000","439,000,000","-3,000,000","798,000,000","-542,000,000","74,000,000","-1,896,000,000","904,000,000","216,000,000","287,000,000","446,000,000","217,000,000","-137,000,000","-307,000,000","321,000,000","277,000,000","7,544,000,000","-1,091,000,000","557,000,000","516,000,000","-985,000,000","304,000,000","924,000,000","-58,000,000","-1,083,000,000","65,000,000","777,000,000","1,300,000,000","19,000,000","820,000,000","1,474,000,000","614,000,000","237,000,000","-993,000,000","422,000,000","694,000,000","280,000,000","735,000,000","-593,000,000","1,148,000,000","-16,914,000,000","-634,000,000","-288,000,000","-200,000,000","4,815,000,000","469,000,000","311,000,000","-91,000,000","75,000,000","-192,000,000","-526,000,000","-1,235,000,000","2,000,000,000","-3,480,000,000","-3,357,000,000","-3,537,000,000","-3,413,000,000","1,463,000,000","1,679,000,000","1,726,000,000","1,471,000,000","1,943,000,000","1,688,000,000","1,435,000,000","-301,000,000","706,000,000","1,674,000,000","1,613,000,000","583,000,000","1,280,000,000","1,401,000,000","1,356,000,000","1,259,000,000","1,069,000,000","1,060,000,000","876,000,000","-253,000,000","817,000,000","872,000,000","892,000,000","804,000,000","164,000,000","704,000,000","665,000,000","634,000,000","611,000,000","623,000,000","590,000,000","579,000,000","51,000,000","569,000,000","522,000,000","416,600,000","415,500,000","389,700,000","372,300,000","363,063,000","344,300,000","343,900,000","315,300,000","299,165,000","286,600,000","283,700,000","246,500,000","248,200,000","248,200,000","245,500,000","213,600,000","206,864,000","205,800,000","191,000,000","172,800,000","180,200,000","169,200,000","168,600,000","165,000,000","145,800,000","96,100,000","135,600,000","134,600,000","119,100,000","110,200,000","119,500,000","120,800,000","85,200,000","93,100,000","95,100,000","95,800,000",,,,,,,,,,,,,,,,,,
EarningsFromEquityInterestNetOfTax,,,,,,,,,,,,,,,,,,,,,,,,,,,,,,,,,,,,,,,,,,,,,,,,,,,,,,,,,,,,,,,"-78,000,000",,"-331,000,000","-372,000,000","-316,000,000","-442,000,000","-134,000,000","-363,000,000","-197,000,000","-149,000,000","-54,000,000","-129,000,000","-146,000,000","-65,000,000","-166,000,000","-126,000,000","-98,000,000",,,,,"-44,000,000","-70,000,000","-94,000,000","-87,000,000","-47,000,000","-45,000,000","-54,000,000","-372,000,000",,,,"-282,000,000",,"1,318,000,000","1,846,000,000","1,721,000,000",,"1,346,600,000","1,331,700,000","1,258,800,000",,"1,184,600,000","1,170,400,000","1,096,200,000",,"1,018,000,000","1,008,100,000","917,700,000",,"878,900,000","879,300,000","785,800,000",,"748,300,000","740,700,000","678,400,000","690,400,000","620,300,000","650,200,000","660,900,000","586,700,000","440,700,000","561,200,000","548,500,000","518,900,000","487,000,000","520,500,000","496,200,000","467,200,000","429,900,000","463,000,000","451,500,000",,,,,,,,,,,,,,,,,,
NetIncomeCommonStockholders,"4,843,000,000","1,485,000,000","23,000,000","264,000,000","2,702,000,000","3,028,000,000","4,253,000,000","3,739,000,000","1,660,000,000","91,000,000","3,869,000,000","-60,000,000","281,000,000","-7,936,000,000","1,742,000,000","922,000,000","648,000,000","1,102,000,000","654,000,000","-622,000,000","-1,259,000,000","937,000,000","938,000,000","-6,660,000,000","-1,739,000,000","1,130,000,000","1,185,000,000","-3,041,000,000","462,000,000","1,913,000,000","-183,000,000","-1,841,000,000","-231,000,000","1,800,000,000","2,468,000,000","655,000,000","2,192,000,000","3,073,000,000","1,609,000,000","1,978,000,000","2,170,000,000","2,731,000,000","2,206,000,000","-3,958,000,000","1,856,000,000","2,332,000,000","3,208,000,000","19,798,000,000","-4,109,000,000","1,840,000,000","-543,000,000","4,851,000,000","-2,395,000,000","-538,000,000","294,000,000","-8,873,000,000","92,000,000","311,000,000","-4,353,000,000","-61,659,000,000","-24,468,000,000","-5,357,000,000","-7,805,000,000","-5,292,000,000","3,085,000,000","4,277,000,000","4,130,000,000","3,439,000,000","4,224,000,000","3,190,000,000","3,195,000,000","454,000,000","1,717,000,000","3,992,000,000","3,684,000,000","1,701,000,000","2,512,000,000","2,862,000,000","2,656,000,000","2,707,000,000","2,337,000,000","2,276,000,000","1,954,000,000","-104,000,000","1,842,000,000","1,801,000,000","1,980,000,000","1,866,000,000","327,000,000","1,627,000,000","1,532,000,000","1,497,000,000","1,386,000,000","1,407,000,000","1,346,000,000","1,312,000,000","1,267,000,000","1,277,000,000","1,199,000,000","1,006,400,000","931,100,000","942,000,000","886,500,000","884,635,000","840,300,000","826,500,000","780,900,000","770,257,000","731,400,000","724,400,000","671,200,000","673,783,000","630,700,000","633,800,000","572,200,000","577,715,000","542,500,000","549,700,000","505,600,000","509,200,000","451,100,000","481,600,000","495,900,000","468,300,000","344,600,000","425,600,000","413,900,000","392,500,000","376,800,000","401,000,000","375,400,000","372,300,000","336,800,000","367,900,000","355,700,000","337,200,000","323,800,000","352,200,000","343,400,000","320,300,000","273,900,000","313,500,000","300,400,000","262,800,000","232,000,000","235,200,000","207,400,000","191,400,000","176,200,000","153,900,000","123,900,000","102,600,000","100,500,000"
	NetIncome,"4,872,000,000","1,493,000,000","30,000,000","271,000,000","2,709,000,000","3,036,000,000","4,260,000,000","3,746,000,000","1,667,000,000","99,000,000","3,876,000,000","-53,000,000","288,000,000","-7,928,000,000","1,749,000,000","929,000,000","656,000,000","1,109,000,000","654,000,000","-622,000,000","-1,259,000,000","937,000,000","938,000,000","-6,660,000,000","-1,739,000,000","1,130,000,000","1,185,000,000","-3,041,000,000","462,000,000","1,913,000,000","-183,000,000","-1,841,000,000","-231,000,000","1,800,000,000","2,468,000,000","655,000,000","2,192,000,000","3,073,000,000","1,609,000,000","1,978,000,000","2,170,000,000","2,731,000,000","2,206,000,000","-3,958,000,000","1,856,000,000","2,332,000,000","3,208,000,000","19,798,000,000","-4,109,000,000","1,840,000,000","269,000,000","11,054,000,000","-2,395,000,000","-2,656,000,000","1,451,000,000","-8,873,000,000","455,000,000","1,822,000,000","-4,353,000,000","-61,659,000,000","-24,468,000,000","-5,357,000,000","-7,805,000,000","-5,292,000,000","3,085,000,000","4,277,000,000","4,130,000,000","3,439,000,000","4,224,000,000","3,190,000,000","3,161,000,000","454,000,000","1,717,000,000","3,992,000,000","3,684,000,000","1,664,000,000","2,512,000,000","2,862,000,000","2,837,000,000","2,698,000,000","2,337,000,000","2,276,000,000","1,954,000,000","-104,000,000","1,842,000,000","1,801,000,000","1,980,000,000","1,866,000,000","408,000,000","1,627,000,000","1,538,000,000","1,497,000,000","1,386,000,000","1,407,000,000","1,346,000,000","1,312,000,000","1,267,000,000","1,277,000,000","1,199,000,000","1,006,400,000","931,100,000","942,000,000","886,500,000","884,635,000","840,300,000","826,500,000","780,900,000","770,257,000","731,400,000","724,400,000","671,200,000","673,783,000","630,700,000","633,800,000","572,200,000","577,715,000","542,500,000","549,700,000","505,600,000","510,200,000","451,100,000","481,600,000","495,900,000","472,800,000","344,600,000","425,600,000","413,900,000","399,800,000","376,800,000","401,000,000","375,400,000","382,000,000","336,800,000","367,900,000","355,700,000","348,100,000","323,800,000","352,200,000","343,400,000","329,200,000","273,900,000","313,500,000","300,400,000","269,900,000","232,000,000","235,200,000","207,400,000","202,600,000","176,200,000","153,900,000","123,900,000","108,500,000","100,500,000"
		NetIncomeIncludingNoncontrollingInterests,"5,240,000,000","1,691,000,000","-87,000,000","186,000,000","3,041,000,000","3,392,000,000","4,656,000,000","4,106,000,000","1,737,000,000","150,000,000","3,930,000,000","-16,000,000","299,000,000","-7,766,000,000","1,654,000,000","869,000,000","973,000,000","1,390,000,000","937,000,000","-560,000,000","-1,259,000,000","931,000,000","949,000,000","-6,672,000,000","-1,713,000,000","1,118,000,000","1,211,000,000","-2,506,000,000","436,000,000","1,924,000,000","-203,000,000","-1,849,000,000","-197,000,000","1,791,000,000","2,477,000,000","675,000,000","2,201,000,000","3,036,000,000","1,612,000,000","1,973,000,000","2,130,000,000","2,758,000,000","2,231,000,000","-3,949,000,000","1,861,000,000","2,339,000,000","3,449,000,000","19,921,000,000","-3,945,000,000","2,057,000,000","473,000,000","11,588,000,000","-1,891,000,000","-2,115,000,000","2,099,000,000","-9,010,000,000","-15,000,000","1,845,000,000","-5,133,000,000","-62,556,000,000","-24,705,000,000","-5,399,000,000","-7,727,000,000","-5,023,000,000","3,416,000,000","4,649,000,000","4,446,000,000","3,881,000,000","4,358,000,000","3,553,000,000","3,358,000,000","603,000,000","1,771,000,000","4,121,000,000","3,830,000,000","1,729,000,000","2,678,000,000","2,988,000,000","2,935,000,000","2,791,000,000","2,435,000,000","2,370,000,000","2,048,000,000","-60,000,000","1,912,000,000","1,895,000,000","2,067,000,000","1,913,000,000","453,000,000","1,681,000,000","1,607,000,000","1,564,000,000","1,453,000,000","1,473,000,000","1,401,000,000","1,751,000,000","718,000,000","1,207,000,000","1,119,000,000","1,276,400,000","863,100,000","927,300,000","868,200,000","942,061,000","835,000,000","816,900,000","770,200,000","846,783,000","722,100,000","712,500,000","659,100,000","737,800,000","620,500,000","625,700,000","562,800,000","607,372,000","542,500,000","549,700,000","505,600,000","510,200,000","451,100,000","481,600,000","495,900,000","472,800,000","344,600,000","425,600,000","413,900,000","399,800,000","376,800,000","401,000,000","375,400,000","382,000,000","336,800,000","367,900,000","355,700,000","348,100,000","323,800,000","352,200,000","343,400,000","329,200,000","273,900,000","313,500,000","300,400,000","269,900,000","232,000,000","235,200,000","207,400,000","202,600,000","176,200,000","153,900,000","123,900,000","108,500,000","100,500,000"
			NetIncomeContinuousOperations,"5,240,000,000","1,691,000,000","-87,000,000","186,000,000","3,041,000,000","3,393,000,000","4,656,000,000","4,106,000,000","1,737,000,000","150,000,000","3,930,000,000","-16,000,000","294,000,000","-7,765,000,000","1,654,000,000","820,000,000","973,000,000","1,391,000,000","937,000,000","-558,000,000","-1,220,000,000","931,000,000","950,000,000","-6,669,000,000","-1,712,000,000","1,110,000,000","1,211,000,000","-2,470,000,000","433,000,000","1,934,000,000","-156,000,000","-1,849,000,000","-180,000,000","1,775,000,000","2,476,000,000","710,000,000","2,199,000,000","3,006,000,000","1,659,000,000","1,973,000,000","2,172,000,000","2,725,000,000","2,138,000,000","112,000,000","1,860,000,000","2,344,000,000","3,436,000,000","19,781,000,000","-3,724,000,000","2,094,000,000","-1,180,000,000","9,323,000,000","-47,000,000","1,292,000,000","926,000,000","-8,467,000,000","-15,000,000","1,845,000,000","-5,133,000,000","-62,556,000,000","-24,705,000,000","-5,399,000,000","-7,805,000,000","-4,004,000,000","3,085,000,000","4,277,000,000","4,130,000,000","3,439,000,000","4,224,000,000","3,190,000,000","3,358,000,000","603,000,000","1,771,000,000","4,121,000,000","3,830,000,000","1,729,000,000","2,678,000,000","2,988,000,000","2,935,000,000","2,791,000,000","2,435,000,000","2,370,000,000","2,048,000,000","-60,000,000","1,912,000,000","1,895,000,000","2,067,000,000","1,913,000,000","453,000,000","1,681,000,000","1,607,000,000","1,564,000,000","1,453,000,000","1,473,000,000","1,401,000,000","1,550,000,000","1,267,000,000","1,277,000,000","1,199,000,000","1,175,400,000","931,100,000","942,000,000","886,500,000","884,635,000","840,300,000","826,500,000","780,900,000","770,257,000","731,400,000","724,400,000","671,200,000","673,783,000","630,700,000","633,800,000","572,200,000","577,715,000","542,500,000","549,700,000","505,600,000","510,200,000","451,100,000","481,600,000","495,900,000","440,900,000","344,600,000","425,600,000","413,900,000","399,800,000","376,800,000","401,000,000","375,400,000","382,000,000","336,800,000","367,900,000","355,700,000","348,100,000","323,800,000","352,200,000","343,400,000","329,200,000","273,900,000","313,500,000","300,400,000","269,900,000","232,000,000","235,200,000","207,400,000","202,600,000","176,200,000","153,900,000","123,900,000","108,500,000","100,500,000"
			NetIncomeDiscontinuousOperations,"0","0","0","0","0","-1,000,000","0","0","0","0","0","0","5,000,000","-1,000,000","0","49,000,000","0","-1,000,000","0","-2,000,000","-39,000,000","0","-1,000,000","-3,000,000","-1,000,000","8,000,000","0","-36,000,000","3,000,000","-10,000,000","-47,000,000","0","-17,000,000","16,000,000","1,000,000","-35,000,000","2,000,000","30,000,000","-47,000,000","0","-42,000,000","33,000,000","93,000,000","-4,061,000,000","1,000,000","-5,000,000","13,000,000","140,000,000","-221,000,000","-37,000,000","1,653,000,000","2,265,000,000","-1,844,000,000","-3,407,000,000","1,173,000,000",,,,,,,,,,,,,,,,,,,,,,,,,,,,,,,,,,,,,,,,,,,,,,,,,,,,,,,,,,,,,,,,,,,,,,,,,,,,,,,,,,,,,,,,,,,,,,,,,,
			NetIncomeExtraordinary,,,,,,,,,,,,,,,,,,,,,,,,,,,,,,,,,,,,,,,,,,,,,,,,,,,,,,,,,,,,,,,,"0","0","0","0","0","0","0","34,000,000","0","0","0","0","37,000,000","0","0","-181,000,000",,,,,"0","0","0","0","0","-81,000,000","0","-6,000,000",,,,,,,,,,,,,,,,,,,,,,,,,,,,,"0",,,,,,,,,,,,,,,,,,,,,,,,,,,,,,,,,
		MinorityInterests,"-368,000,000","-198,000,000","117,000,000","85,000,000","-332,000,000","-356,000,000","-396,000,000","-360,000,000","-70,000,000","-51,000,000","-54,000,000","-37,000,000","-11,000,000","-162,000,000","95,000,000","60,000,000","-317,000,000","-281,000,000","-283,000,000","-62,000,000","0","6,000,000","-11,000,000","12,000,000","-26,000,000","12,000,000","-26,000,000","-535,000,000","26,000,000","-11,000,000","20,000,000","8,000,000","-34,000,000","9,000,000","-9,000,000","-20,000,000","-9,000,000","37,000,000","-3,000,000","5,000,000","40,000,000","-27,000,000","-25,000,000","-9,000,000","-5,000,000","-7,000,000","-241,000,000","-123,000,000","-164,000,000","-217,000,000","-204,000,000","-534,000,000","-504,000,000","-541,000,000","-648,000,000","137,000,000","470,000,000","-23,000,000","780,000,000","897,000,000","237,000,000","42,000,000","-78,000,000","-269,000,000","-331,000,000","-372,000,000","-316,000,000","-442,000,000","-134,000,000","-363,000,000","-197,000,000","-149,000,000","-54,000,000","-129,000,000","-146,000,000","-65,000,000","-166,000,000","-126,000,000","-98,000,000","-93,000,000","-98,000,000","-94,000,000","-94,000,000","-44,000,000","-70,000,000","-94,000,000","-87,000,000","-47,000,000","-45,000,000","-54,000,000","-69,000,000","-67,000,000","-67,000,000","-66,000,000","-55,000,000","-439,000,000","549,000,000","70,000,000","80,000,000","-270,000,000","68,000,000","14,700,000","18,300,000","-57,426,000","5,300,000","9,600,000","10,700,000","-76,526,000","9,300,000","11,900,000","12,100,000","-64,017,000","10,200,000","8,100,000","9,400,000",,,,,,,,,,,,,,,,,,,,,,,,,,,,,,,,,,,,,,
	PreferredStockDividends,"29,000,000","8,000,000","7,000,000","7,000,000","7,000,000","8,000,000","7,000,000","7,000,000","7,000,000","8,000,000","7,000,000","7,000,000","7,000,000","8,000,000","7,000,000","7,000,000","8,000,000","7,000,000",,,,,,,,,,,,,,,,,,,,,,,,,,,,,,,,,,,,,,,,"1,511,000,000",,,,,,,,,,,,,,,,,,,,,,,,,,,,,,,,,,,,,,,,,,,,,,,,,,,,,,,,,,,,,,,,,,,,,,,,,,,,,,,,,,,,,,,,,,,,,,,
	OtherunderPreferredStockDividend,,,,,,,,,,,,,,,,,,,,,,,,,,,,,,,,,,,,,,,,,,,,,,,,"0",,,"812,000,000",,,"-2,118,000,000","1,157,000,000",,"363,000,000",,,,,,,,,,,,,,"-34,000,000",,,,,"-37,000,000",,,"181,000,000",,,,,,,,,"0","81,000,000",,"6,000,000",,,,,,,,,,,,,,,,,,,,,,,,,,,,,,,,,,,,,,,,,,,,,,,,,,,,,,,,,,,,,,
AverageDilutionEarnings,,,,,,,,,,,,,,,,,,,,,,,,,,,,,,,,,,,,,,,,,,,,,,,,,,,,,,,,,,,,,,,,,,,,,,,"3,000,000","3,000,000","3,000,000","2,000,000","3,000,000",,,,,,,,,,,,,"0","0",,,,,,,,,,,,,,,,,,,,,,,,,,,,,,,,,,,,,,,,,,,,,,,,,,,,,,,,,,,,,,,,
DilutedNIAvailtoComStockholders,"4,843,000,000","1,485,000,000","23,000,000","264,000,000","2,702,000,000","3,028,000,000","4,253,000,000","3,739,000,000","1,660,000,000","91,000,000","3,869,000,000","-60,000,000","281,000,000","-7,936,000,000","1,742,000,000","922,000,000","648,000,000","1,102,000,000","654,000,000","-622,000,000","-1,259,000,000","937,000,000","938,000,000","-6,660,000,000","-1,739,000,000","1,130,000,000","1,185,000,000","-3,041,000,000","462,000,000","1,913,000,000","-183,000,000","-1,841,000,000","-231,000,000","1,800,000,000","2,468,000,000","655,000,000","2,192,000,000","3,073,000,000","1,609,000,000","1,978,000,000","2,170,000,000","2,731,000,000","2,206,000,000","-3,958,000,000","1,856,000,000","2,332,000,000","3,208,000,000","19,798,000,000","-4,109,000,000","1,840,000,000","-543,000,000","4,851,000,000","-2,395,000,000","-538,000,000","294,000,000","-8,873,000,000","92,000,000","311,000,000","-4,353,000,000","-61,659,000,000","-24,468,000,000","-5,357,000,000","-7,805,000,000","-5,292,000,000","3,085,000,000","4,277,000,000","4,130,000,000","3,439,000,000","4,224,000,000","3,190,000,000","3,198,000,000","457,000,000","1,720,000,000","3,994,000,000","3,687,000,000","1,712,000,000","2,512,000,000","2,862,000,000","2,656,000,000","2,707,000,000","2,337,000,000","2,276,000,000","1,954,000,000","-104,000,000","1,842,000,000","1,801,000,000","1,980,000,000","1,866,000,000","327,000,000","1,627,000,000","1,532,000,000","1,497,000,000","1,386,000,000","1,407,000,000","1,346,000,000","1,312,000,000","1,267,000,000","1,277,000,000","1,199,000,000","1,006,400,000","931,100,000","942,000,000","886,500,000","884,635,000","840,300,000","826,500,000","780,900,000","770,257,000","731,400,000","724,400,000","671,200,000","673,783,000","630,700,000","633,800,000","572,200,000","577,715,000","542,500,000","549,700,000","505,600,000","509,200,000","451,100,000","481,600,000","495,900,000","468,300,000","344,600,000","425,600,000","413,900,000","392,500,000","376,800,000","401,000,000","375,400,000","372,300,000","336,800,000","367,900,000","355,700,000","337,200,000","323,800,000","352,200,000","343,400,000","320,300,000","273,900,000","313,500,000","300,400,000","262,800,000","232,000,000","235,200,000","207,400,000","191,400,000","176,200,000","153,900,000","123,900,000","102,600,000","100,500,000"
BasicEPS,,"2.05","0.03","0.52","3.54","3.47","5.1","4.42","1.95","0.11","4.45","-0.08","0.32","-9.15","1.99","1.05","0.74","1.26","0.75","-0.69","-1.41","1.04","1.03","-7.15","-1.91","1.22","1.21","-2.75","0.43","1.72","-0.16","-1.36","-0.18","1.35","1.81","0.5","1.54","2.13","1.1","1.34","1.47","1.85","1.49","-2.17","1.13","1.33","1.71","11.96","-2.1","1","0.31","16.65","-18.53","-3.982","2.66","-65.56","0.68","2.3","-39.67","-468.86","-181.02","-41.13","-61.8","-40.6","24","32.8","31.6","26.4","32.4","24.6","24.4","3.4","13.4","34.6","29.2","11.8","20.8","20.4","19.6","11.6","18","17.4","15","1","14","13.8","15.2","14.4","2.4","10","14.2","13.8","13.2","12.2","11.6","15.2","11","11","10.267","9.6","9.4","9.472","8.858","7.867","8.4","8.4","7.8","7.72","7.4","7.4","6.6","6.726","6.2","6.2","5.8","5.913","5.4","5.4","5","5.4","4.6","4.8","4.6","4.8","3.4","4.2","4","4","3.8","4","3.8","3.8","3.4","3.8","3.6","3.6","3.4","3.6","3.4","3.4","2.8","3.2","3","2.8","2.4","2.4","2.2","2","1.8","1.6","1.4","1.2","1"
DilutedEPS,,"2.03","0.03","0.52","3.5","3.43","5.04","4.37","1.92","0.11","4.41","-0.08","0.32","-9.15","1.98","1.03","0.72","1.24","0.75","-0.69","-1.41","1.02","1.01","-7.15","-1.91","1.19","1.18","-2.75","0.42","1.68","-0.16","-1.36","-0.18","1.32","1.78","0.49","1.52","2.1","1.09","1.33","1.46","1.84","1.49","-2.17","1.13","1.33","1.71","11.96","-2.1","1","0.31","16.65","-18.53","-3.982","2.66","-65.56","0.68","2.3","-39.67","-468.86","-181.02","-41.13","-61.8","-40.6","23.8","32.8","31.6","26.4","32.2","24.2","24.4","3.4","13.2","34.2","29","11.8","20.4","20.2","19.4","11.4","17.8","17.4","14.8","0.8","14","13.6","15","14","2.4","10","14","13.6","13","12","11.4","15","10.8","10.8","10.267","9.6","9.2","9.204","8.644","7.4","8.4","8.4","7.8","7.613","7.4","7.2","6.6","6.726","6.2","6.2","5.8","5.913","5.4","5.4","5","5.2","4.6","4.8","4.6","4.8","3.4","4.2","4","3.8","3.8","4","3.8","3.8","3.4","3.8","3.6","3.6","3.4","3.6","3.4","3.4","2.8","3.2","3","2.8","2.4","2.4","2.2","2","1.8","1.6","1.4","1.2","1"
BasicAverageShares,,"725,754,549","738,661,428","744,819,506","763,051,482","790,897,301","816,314,273","833,645,847","852,765,263","862,930,931","868,105,069","868,354,054","867,713,308","866,968,305","874,213,630","878,213,940","877,009,495","876,382,884","875,383,084","887,377,483","895,237,359","903,215,488","907,951,597","907,852,648","908,667,044","925,751,084","980,777,243","1,023,387,890","1,071,295,892","1,113,587,927","1,156,548,459","1,226,077,493","1,279,072,748","1,329,157,366","1,365,951,690","1,391,392,874","1,419,239,774","1,442,397,111","1,459,249,393","1,468,665,658","1,475,053,126","1,476,512,720","1,476,471,097","1,474,920,341","1,642,472,814","1,756,689,067","1,875,972,970","1,899,825,691","1,899,500,628","1,836,713,069","1,557,748,353","138,979,217","135,879,125","135,658,680","135,658,680","135,470,549","135,293,841","135,281,740","135,252,869","134,859,394","135,169,101","130,248,736","126,400,000","127,600,000","128,800,000","130,100,000","130,600,000","130,550,000","130,350,000","130,300,000","130,250,000","129,850,000","129,850,000","129,800,000","129,850,000","130,000,000","130,300,000","130,400,000","130,500,000","130,500,000","130,500,000","130,500,000","130,500,000","141,322,727","130,500,000","130,650,000","130,750,000","130,900,000","131,000,000","131,050,000","131,150,000","130,650,000","130,300,000","115,650,000","116,000,000","173,900,000","116,100,000","116,150,000","116,100,000","114,376,978","114,468,085","113,793,103","113,755,622","156,307,258","100,035,714","98,392,857","100,115,385","99,322,430","98,837,838","97,891,892","101,696,970","100,510,408","101,725,806","102,225,806","98,655,172","97,299,409","100,462,963","101,796,296","101,120,000","93,652,486","98,065,217","100,333,333","107,804,348","97,126,302","101,352,941","101,333,333","103,475,000","98,006,835","99,157,895","100,250,000","98,789,474","97,965,373","99,058,824","96,815,789","98,805,556","93,542,308","95,235,294","97,833,333","101,000,000","93,776,344","97,821,429","97,968,750","100,133,333","93,497,959","96,666,667","98,000,000","94,272,727","95,064,559","97,888,889","96,187,500","88,500,000","85,085,714","100,500,000"
DilutedAverageShares,,"730,547,112","744,099,186","754,489,332","771,132,401","800,730,746","826,012,610","846,533,462","864,019,494","872,877,303","876,269,924","868,354,054","873,130,950","866,968,305","878,866,213","896,384,436","895,814,410","888,325,042","877,512,244","890,110,161","895,237,359","916,572,481","925,266,577","907,852,648","908,667,044","948,248,771","1,005,315,030","1,023,387,890","1,102,400,770","1,140,045,973","1,156,548,459","1,266,533,180","1,279,072,748","1,365,390,431","1,386,263,549","1,411,764,909","1,442,067,842","1,464,676,330","1,472,510,813","1,480,594,569","1,485,322,858","1,482,246,618","1,476,678,931","1,474,954,102","1,642,502,251","1,756,714,475","1,876,002,775","1,900,116,651","1,899,500,628","1,836,771,513","1,557,748,353","139,031,136","135,879,125","135,900,000","135,724,939","135,470,549","135,456,372","135,336,440","135,252,869","134,859,394","135,169,101","130,248,736","126,400,000","128,250,000","129,450,000","130,650,000","131,050,000","130,850,000","131,300,000","131,250,000","131,200,000","131,800,000","131,200,000","131,150,000","131,200,000","131,550,000","131,900,000","132,000,000","132,100,000","133,200,000","131,400,000","131,350,000","131,400,000","145,395,161","131,700,000","132,000,000","132,050,000","132,050,000","132,550,000","132,550,000","132,550,000","132,050,000","131,650,000","116,950,000","117,300,000","177,350,000","117,550,000","117,650,000","117,600,000","114,866,667","116,956,522","116,716,641","116,566,716","164,100,000","100,035,714","98,392,857","100,115,385","100,822,430","98,837,838","100,611,111","101,696,970","100,510,408","101,725,806","102,225,806","98,655,172","101,126,582","100,462,963","101,796,296","101,120,000","97,729,490","98,065,217","100,333,333","107,804,348","97,126,302","101,352,941","101,333,333","103,475,000","103,289,474","99,157,895","100,250,000","98,789,474","97,965,373","99,058,824","96,815,789","98,805,556","93,542,308","95,235,294","97,833,333","101,000,000","93,776,344","97,821,429","97,968,750","100,133,333","93,497,959","96,666,667","98,000,000","94,272,727","95,064,559","97,888,889","96,187,500","88,500,000","85,085,714","100,500,000"
NetIncomeFromContinuingAndDiscontinuedOperation,"4,872,000,000","1,493,000,000","30,000,000","271,000,000","2,709,000,000","3,036,000,000","4,260,000,000","3,746,000,000","1,667,000,000","99,000,000","3,876,000,000","-53,000,000","288,000,000","-7,928,000,000","1,749,000,000","929,000,000","656,000,000","1,109,000,000","654,000,000","-622,000,000","-1,259,000,000","937,000,000","938,000,000","-6,660,000,000","-1,739,000,000","1,130,000,000","1,185,000,000","-3,041,000,000","462,000,000","1,913,000,000","-183,000,000","-1,841,000,000","-231,000,000","1,800,000,000","2,468,000,000","655,000,000","2,192,000,000","3,073,000,000","1,609,000,000","1,978,000,000","2,170,000,000","2,731,000,000","2,206,000,000","-3,958,000,000","1,856,000,000","2,332,000,000","3,208,000,000","19,798,000,000","-4,109,000,000","1,840,000,000","269,000,000","11,054,000,000","-2,395,000,000","-2,656,000,000","1,451,000,000","-8,873,000,000","455,000,000","1,822,000,000","-4,353,000,000","-61,659,000,000","-24,468,000,000","-5,357,000,000","-7,805,000,000","-5,292,000,000","3,085,000,000","4,277,000,000","4,130,000,000","3,439,000,000","4,224,000,000","3,190,000,000","3,161,000,000","454,000,000","1,717,000,000","3,992,000,000","3,684,000,000","1,664,000,000","2,512,000,000","2,862,000,000","2,837,000,000","2,698,000,000","2,337,000,000","2,276,000,000","1,954,000,000","-104,000,000","1,842,000,000","1,801,000,000","1,980,000,000","1,866,000,000","408,000,000","1,627,000,000","1,538,000,000","1,497,000,000","1,386,000,000","1,407,000,000","1,346,000,000","1,312,000,000","1,267,000,000","1,277,000,000","1,199,000,000","1,006,400,000","931,100,000","942,000,000","886,500,000","884,635,000","840,300,000","826,500,000","780,900,000","770,257,000","731,400,000","724,400,000","671,200,000","673,783,000","630,700,000","633,800,000","572,200,000","577,715,000","542,500,000","549,700,000","505,600,000","510,200,000","451,100,000","481,600,000","495,900,000","440,900,000","344,600,000","425,600,000","413,900,000","399,800,000","376,800,000","401,000,000","375,400,000","382,000,000","336,800,000","367,900,000","355,700,000","348,100,000","323,800,000","352,200,000","343,400,000","329,200,000","273,900,000","313,500,000","300,400,000","269,900,000","232,000,000","235,200,000","207,400,000","202,600,000","176,200,000","153,900,000","123,900,000","108,500,000","100,500,000"
NormalizedIncome,"4,942,100,334.448","1,454,053,561.864","31,200,000","358,333,333.333","2,704,260,000","3,272,500,000","4,228,080,000","1,553,096,671.949","1,626,302,000","177,110,000","3,863,535,000","-147,900,000","300,578,000","-1,163,752,000","1,899,751,000","951,235,521.236","662,948,000","1,122,112,000","647,504,000","-624,817,266.187","-1,220,799,000","922,120,000","935,904,000","-6,802,200,000","-1,562,643,000","1,189,932,000","1,283,140,000","-3,096,507,959.479","421,800,000","1,837,698,000","40,418,000","-1,625,956,002.729","30,200,000","2,072,840,000","2,561,464,000","1,984,362,139.918","2,754,928,000","1,637,255,000","1,857,480,000","3,059,132,579.186","2,264,650,000","2,730,908,000","2,369,700,000","89,350,000","1,855,000,000","2,764,050,000","3,679,218,150.087","19,342,100,000","-3,886,290,959.156","2,337,200,000","-1,322,434,782.609","-2,689,012,307.257","-450,250,000","751,000,000","399,550,000","-7,302,350,000","696,150,000","2,044,950,000","-4,061,205,716.08","-61,659,000,000","-24,468,000,000","-5,357,000,000","-7,805,000,000","-5,292,000,000","3,085,000,000","4,277,000,000","4,130,000,000","3,439,000,000","4,224,000,000","3,190,000,000","3,161,000,000","454,000,000","1,717,000,000","3,992,000,000","3,684,000,000","1,664,000,000","2,512,000,000","2,862,000,000","2,837,000,000","2,698,000,000","2,337,000,000","2,276,000,000","1,954,000,000","-104,000,000","1,842,000,000","1,801,000,000","1,980,000,000","1,866,000,000","1,408,711,507.293","1,627,000,000","1,538,000,000","1,497,000,000","1,386,000,000","1,407,000,000","1,346,000,000","1,312,000,000","1,267,000,000","1,277,000,000","1,199,000,000","1,006,400,000","931,100,000","942,000,000","886,500,000","884,635,000","840,300,000","826,500,000","780,900,000","770,257,000","731,400,000","724,400,000","671,200,000","673,783,000","630,700,000","633,800,000","572,200,000","577,715,000","542,500,000","549,700,000","505,600,000","510,200,000","451,100,000","481,600,000","495,900,000","440,900,000","344,600,000","425,600,000","413,900,000","399,800,000","376,800,000","401,000,000","375,400,000","382,000,000","336,800,000","367,900,000","355,700,000","348,100,000","323,800,000","352,200,000","343,400,000","329,200,000","273,900,000","313,500,000","300,400,000","269,900,000","232,000,000","235,200,000","207,400,000","202,600,000","176,200,000","153,900,000","123,900,000","108,500,000","100,500,000"
RentExpenseSupplemental,,,,,,,,,,,,,,,,,,,,,,,,,,,,,,,,,"0","0","0","0","0","489,000,000","1,096,000,000",,,,,,"720,000,000",,,"584,000,000","2,093,000,000",,,,,,,,,,,,,,,,,,,,,,,,,,,,,,,,,,,,,,,,,,,,,,,,,,,,,,,,,,,,,,,,,,,,,,,,,,,,,,,,,,,,,,,,,,,,,,,,,,,,,,,,
EBIT,"7,460,000,000","2,145,000,000","76,000,000","593,000,000","4,129,000,000","4,587,000,000","6,098,000,000","5,345,000,000","2,504,000,000","485,000,000","5,070,000,000","-200,000,000","747,000,000","-9,296,000,000","2,913,000,000","1,396,000,000","1,608,000,000","2,197,000,000","1,503,000,000","-288,000,000","-1,201,000,000","1,551,000,000","1,504,000,000","1,163,000,000","-2,513,000,000","1,959,000,000","2,025,000,000","-3,150,000,000","1,066,000,000","3,178,000,000","92,000,000","-2,628,000,000","206,000,000","2,868,000,000","4,116,000,000","1,075,000,000","3,449,000,000","4,943,000,000","2,752,000,000","2,724,000,000","1,695,000,000","3,682,000,000","3,409,000,000","-184,000,000","3,583,000,000","2,705,000,000","5,537,000,000","3,764,000,000","-3,413,000,000","2,774,000,000","-319,000,000","16,663,000,000","2,580,000,000","3,612,000,000","2,569,000,000","-978,000,000","2,303,000,000","3,919,000,000","-3,523,000,000","-48,451,000,000","-25,888,000,000",,,,,,,,,,,,,,,,,,,,,,,,,,,,,,,,,,,,,,,,,,,,,,,,,,,,,,,,,,,,,,,,,,,,,,,,,,,,,,,,,,,,,,,,,,,,
ReconciledDepreciation,"4,932,000,000","1,088,000,000","1,186,000,000","930,000,000","1,220,000,000","1,251,000,000","1,447,000,000","1,043,000,000","1,220,000,000","947,000,000","1,423,000,000","897,000,000","663,000,000","682,000,000","1,878,000,000","1,173,000,000","1,176,000,000","1,358,000,000","1,299,000,000","1,549,000,000","1,029,000,000","1,402,000,000","1,382,000,000","1,068,000,000","804,000,000","990,000,000","1,012,000,000","1,276,000,000","544,000,000","1,073,000,000","1,197,000,000","1,127,000,000","1,092,000,000","1,184,000,000","1,226,000,000","1,076,000,000","1,029,000,000","1,222,000,000","1,121,000,000","1,203,000,000","1,071,000,000","1,259,000,000","1,180,000,000","-234,000,000","1,967,000,000","1,854,000,000","1,720,000,000","2,431,000,000","2,971,000,000","2,193,000,000","2,288,000,000","2,216,000,000","3,655,000,000","2,920,000,000","2,529,000,000","12,449,000,000","728,000,000","824,000,000","630,000,000","796,000,000","928,000,000","-2,242,000,000","4,041,000,000","-9,015,000,000","4,451,000,000","3,749,000,000","3,605,000,000","14,551,000,000","505,000,000","784,000,000","554,000,000","889,000,000","475,000,000","310,000,000","526,000,000","521,000,000","515,000,000","512,000,000","487,000,000","479,000,000","478,000,000","461,000,000","447,000,000","441,000,000","413,000,000","411,000,000","388,000,000","361,000,000","445,000,000","338,000,000","293,000,000","325,000,000","294,000,000","282,000,000","275,000,000","143,000,000","412,000,000","267,000,000","249,000,000","254,200,000","239,600,000","225,600,000","212,600,000","222,700,000","228,700,000","217,500,000","204,000,000","201,700,000","210,300,000","205,300,000","188,300,000","193,600,000","190,200,000","181,000,000","169,800,000","163,600,000","155,200,000","134,700,000","128,400,000","130,500,000","115,600,000","118,100,000","108,000,000","103,500,000","104,200,000","95,100,000","89,100,000",,,,,,,,,,,,,,,,,,,,,,,,,,
NetIncomeFromContinuingOperationNetMinorityInterest,"4,872,000,000","1,493,000,000","30,000,000","271,000,000","2,709,000,000","3,037,000,000","4,260,000,000","3,746,000,000","1,667,000,000","99,000,000","3,876,000,000","-53,000,000","283,000,000","-7,927,000,000","1,749,000,000","880,000,000","656,000,000","1,110,000,000","654,000,000","-620,000,000","-1,220,000,000","937,000,000","939,000,000","-6,657,000,000","-1,738,000,000","1,122,000,000","1,185,000,000","-3,005,000,000","459,000,000","1,923,000,000","-136,000,000","-1,841,000,000","-214,000,000","1,784,000,000","2,467,000,000","690,000,000","2,190,000,000","3,043,000,000","1,656,000,000","1,978,000,000","2,212,000,000","2,698,000,000","2,113,000,000","103,000,000","1,855,000,000","2,337,000,000","3,195,000,000","19,658,000,000","-3,888,000,000","1,877,000,000","-1,384,000,000","8,789,000,000","-551,000,000","751,000,000","278,000,000","-8,330,000,000","455,000,000","1,822,000,000","-4,353,000,000","-61,659,000,000","-24,468,000,000","-5,357,000,000","-7,805,000,000","-5,292,000,000","3,085,000,000","4,277,000,000","4,130,000,000","3,439,000,000","4,224,000,000","3,190,000,000","3,161,000,000","454,000,000","1,717,000,000","3,992,000,000","3,684,000,000","1,664,000,000","2,512,000,000","2,862,000,000","2,837,000,000","2,698,000,000","2,337,000,000","2,276,000,000","1,954,000,000","-104,000,000","1,842,000,000","1,801,000,000","1,980,000,000","1,866,000,000","408,000,000","1,627,000,000","1,538,000,000","1,497,000,000","1,386,000,000","1,407,000,000","1,346,000,000","1,312,000,000","1,267,000,000","1,277,000,000","1,199,000,000","1,006,400,000","931,100,000","942,000,000","886,500,000","884,635,000","840,300,000","826,500,000","780,900,000","770,257,000","731,400,000","724,400,000","671,200,000","673,783,000","630,700,000","633,800,000","572,200,000","577,715,000","542,500,000","549,700,000","505,600,000","510,200,000","451,100,000","481,600,000","495,900,000","440,900,000","344,600,000","425,600,000","413,900,000","399,800,000","376,800,000","401,000,000","375,400,000","382,000,000","336,800,000","367,900,000","355,700,000","348,100,000","323,800,000","352,200,000","343,400,000","329,200,000","273,900,000","313,500,000","300,400,000","269,900,000","232,000,000","235,200,000","207,400,000","202,600,000","176,200,000","153,900,000","123,900,000","108,500,000","100,500,000"
TotalUnusualItemsExcludingGoodwill,"-84,000,000","43,000,000","-2,000,000","-131,000,000","6,000,000","-300,000,000","40,000,000","2,696,000,000","51,000,000","-107,000,000","15,000,000","130,000,000","-22,000,000","-8,412,000,000","-233,000,000","-90,000,000","-9,000,000","-16,000,000","8,000,000","6,000,000","1,000,000","20,000,000","4,000,000","242,000,000","-287,000,000","-102,000,000","-140,000,000","128,000,000","62,000,000","126,000,000","-242,000,000","-341,000,000","-407,000,000","-415,000,000","-144,000,000","-1,329,000,000","-776,000,000","2,095,000,000","-276,000,000","-1,211,000,000","-81,000,000","-38,000,000","-340,000,000","21,000,000","0","-657,000,000","-646,000,000","486,000,000","-2,000,000","-708,000,000","-72,000,000","17,406,000,000","-155,000,000","128,000,000","-187,000,000","-1,581,000,000","-371,000,000","-343,000,000","-362,000,000",,,,,,,,,,,,,,,,,,,,,,,,,"0","0","0",,"0","-1,363,000,000",,,,,,,,,,,,,,,,,,,,,,,,,,,,,,,,,,,,,,,,,,,,,,,,,,,,,,,,,,,,,,,,
TotalUnusualItems,"-84,000,000","43,000,000","-2,000,000","-131,000,000","6,000,000","-300,000,000","40,000,000","2,696,000,000","51,000,000","-107,000,000","15,000,000","130,000,000","-22,000,000","-8,412,000,000","-233,000,000","-90,000,000","-9,000,000","-16,000,000","8,000,000","6,000,000","1,000,000","20,000,000","4,000,000","242,000,000","-287,000,000","-102,000,000","-140,000,000","128,000,000","62,000,000","126,000,000","-242,000,000","-341,000,000","-407,000,000","-415,000,000","-144,000,000","-1,329,000,000","-776,000,000","2,095,000,000","-276,000,000","-1,211,000,000","-81,000,000","-38,000,000","-340,000,000","21,000,000","0","-657,000,000","-646,000,000","486,000,000","-2,000,000","-708,000,000","-72,000,000","17,406,000,000","-155,000,000","128,000,000","-187,000,000","-1,581,000,000","-371,000,000","-343,000,000","-362,000,000",,,,,,,,,,,,,,,,,,,,,,,,,"0","0","0",,"0","-1,363,000,000",,,,,,,,,,,,,,,,,,,,,,,,,,,,,,,,,,,,,,,,,,,,,,,,,,,,,,,,,,,,,,,,
TaxRateForCalcs,"0.165","0.094","0.4","0.333","0.21","0.215","0.202","0.187","0.202","0.27","0.169","0.27","0.201","0.196","0.353","0.208","0.228","0.243","0.188","0.197","0.201","0.256","0.226","0.4","0.389","0.334","0.299","0.285","0.4","0.323","0.271","0.369","0.4","0.304","0.344","0.026","0.272","0.329","0.27","0.107","0.35","0.134","0.245","0.35","0.283","0.35","0.25","0.35","0.145","0.35","0.145","0.341","0.35","0.194","0.35","0.35","0.35","0.35","0.194","0.35","0.123","0.383","0.314","0.4","0.3","0.265","0.28","0.275","0.308","0.322","0.299","0.4","0.285","0.289","0.296","0.252","0.323","0.319","0.316","0.311","0.305","0.309","0.3","0.4","0.299","0.315","0.301","0.296","0.266","0.295","0.293","0.288","0.296","0.297","0.296","0.077","0","0","0","0.075","0","0","0","0.077","0","0","0","0.075","0","0","0","0.072","0","0","0","0.07","0","0","0","0","0","0","0","0","0","0","0","0","0","0","0","0","0","0","0","0.4","0.4","0.4","0.4","0.4","0.4","0.4","0.4","0.4","0.4","0.4","0.4","0.4","0.4","0.4","0.4","0.4","0.4"
TaxEffectOfUnusualItems,"-13,899,665.552","4,053,561.864","-800,000","-43,666,666.667","1,260,000","-64,500,000","8,080,000","503,096,671.949","10,302,000","-28,890,000","2,535,000","35,100,000","-4,422,000","-1,648,752,000","-82,249,000","-18,764,478.764","-2,052,000","-3,888,000","1,504,000","1,182,733.813","201,000","5,120,000","904,000","96,800,000","-111,643,000","-34,068,000","-41,860,000","36,492,040.521","24,800,000","40,698,000","-65,582,000","-125,956,002.729","-162,800,000","-126,160,000","-49,536,000","-34,637,860.082","-211,072,000","689,255,000","-74,520,000","-129,867,420.814","-28,350,000","-5,092,000","-83,300,000","7,350,000","0","-229,950,000","-161,781,849.913","170,100,000","-290,959.156","-247,800,000","-10,434,782.609","5,927,987,692.743","-54,250,000","0","-65,450,000","-553,350,000","-129,850,000","-120,050,000","-70,205,716.08","0","0","0","0","0","0","0","0","0","0","0","0","0","0","0","0","0","0","0","0","0","0","0","0","0","0","0","0","0","-362,288,492.707","0","0","0","0","0","0","0","0","0","0","0","0","0","0","0","0","0","0","0","0","0","0","0","0","0","0","0","0","0","0","0","0","0","0","0","0","0","0","0","0","0","0","0","0","0","0","0","0","0","0","0","0","0","0","0","0","0","0","0","0","0","0","0","0"
InterestExpense,"1,181,000,000","278,000,000","307,000,000","314,000,000","282,000,000","266,000,000","263,000,000","297,000,000","328,000,000","338,000,000","342,000,000","358,000,000","379,000,000","365,000,000","355,000,000","360,000,000","348,000,000","360,000,000","349,000,000","407,000,000","326,000,000","299,000,000","277,000,000","288,000,000","290,000,000","292,000,000","298,000,000","305,000,000","329,000,000","320,000,000","306,000,000","304,000,000","321,000,000","316,000,000","340,000,000","346,000,000","430,000,000","463,000,000","479,000,000","514,000,000","516,000,000","535,000,000","577,000,000","-576,000,000","988,000,000","954,000,000","953,000,000","897,000,000","945,000,000","968,000,000","1,061,000,000","2,525,000,000","2,158,000,000","2,009,000,000","1,734,000,000","7,414,000,000","2,510,000,000","2,600,000,000","2,845,000,000","12,105,000,000","2,297,000,000",,,,,,,,,,,,,,,,,,,,,,,,,,,,,,,,,,,,,,,,,,,,,,,,,,,,,,,,,,,,,,,,,,,,,,,,,,,,,,,,,,,,,,,,,,,,