name,ttm,09/30/2023,06/30/2023,03/31/2023,12/31/2022,09/30/2022,06/30/2022,03/31/2022,12/31/2021,09/30/2021,06/30/2021,03/31/2021,12/31/2020,09/30/2020,06/30/2020,03/31/2020,12/31/2019,09/30/2019,06/30/2019,03/31/2019,12/31/2018,09/30/2018,06/30/2018,03/31/2018,12/31/2017,09/30/2017,06/30/2017,03/31/2017,12/31/2016,09/30/2016,06/30/2016,03/31/2016,12/31/2015,09/30/2015,06/30/2015,03/31/2015,12/31/2014,09/30/2014,06/30/2014,03/31/2014,12/31/2013,09/30/2013,06/30/2013,03/31/2013,12/31/2012,09/30/2012,06/30/2012,03/31/2012,12/31/2011,09/30/2011,06/30/2011,03/31/2011,12/31/2010,09/30/2010,06/30/2010,03/31/2010,12/31/2009,09/30/2009,06/30/2009,03/31/2009,12/31/2008,09/30/2008,06/30/2008,03/31/2008,12/31/2007,09/30/2007,06/30/2007,03/31/2007,12/31/2006,09/30/2006,06/30/2006,03/31/2006,12/31/2005,09/30/2005,06/30/2005,03/31/2005,12/31/2004,09/30/2004,06/30/2004,03/31/2004,12/31/2003,09/30/2003,06/30/2003,03/31/2003,12/31/2002,09/30/2002,06/30/2002,03/31/2002,12/31/2001,09/30/2001,06/30/2001,03/31/2001,12/31/2000,09/30/2000,06/30/2000,03/31/2000,12/31/1999,09/30/1999,06/30/1999,03/31/1999,12/31/1998,09/30/1998,06/30/1998,03/31/1998,12/31/1997,09/30/1997,06/30/1997,03/31/1997,12/31/1996,09/30/1996,06/30/1996,03/31/1996,12/31/1995,09/30/1995,06/30/1995,03/31/1995,12/31/1994,09/30/1994,06/30/1994,03/31/1994,12/31/1993,09/30/1993,06/30/1993,03/31/1993,12/31/1992,09/30/1992,06/30/1992,03/31/1992,12/31/1991,09/30/1991,06/30/1991,03/31/1991,12/31/1990,09/30/1990,06/30/1990,03/31/1990,12/31/1989,09/30/1989,06/30/1989,03/31/1989,12/31/1988,09/30/1988,06/30/1988,03/31/1988,12/31/1987,09/30/1987,06/30/1987,03/31/1987,12/31/1986,09/30/1986,06/30/1986,03/31/1986,12/31/1985,09/30/1985
TotalRevenue,"58,513,000,000","15,342,000,000","15,054,000,000","14,281,000,000","14,176,000,000","13,556,000,000","13,395,000,000","11,735,000,000","12,145,000,000","10,928,000,000","10,271,000,000","9,179,000,000","9,351,000,000","8,751,000,000","7,675,000,000","10,310,000,000","11,365,000,000","10,989,000,000","10,838,000,000","10,364,000,000","10,474,000,000","10,144,000,000","10,002,000,000","9,718,000,000","8,839,000,000","8,436,000,000","8,307,000,000","7,889,000,000","8,022,000,000","7,774,000,000","8,235,000,000","8,088,000,000","8,391,000,000","8,193,000,000","8,284,000,000","7,950,000,000","9,107,000,000","8,329,000,000","8,657,000,000","8,199,000,000","8,547,000,000","8,301,000,000","8,245,000,000","7,881,000,000","8,141,000,000","7,862,000,000","7,965,000,000","7,614,000,000","7,742,000,000","7,571,000,000","7,618,000,000","7,031,000,000","7,142,000,000","7,033,000,000","6,858,000,000","6,606,000,000","6,278,000,000","6,016,000,000","6,092,000,000","5,926,000,000","6,506,000,000","7,164,000,000","7,484,000,000","7,186,000,000","7,364,000,000","6,945,000,000","7,130,000,000","6,668,000,000","6,870,000,000","6,435,000,000","6,542,000,000","6,053,000,000","6,188,000,000","5,830,000,000","7,751,000,000","7,354,000,000","7,507,000,000","6,986,000,000","7,048,000,000","6,707,000,000","6,863,000,000","6,180,000,000","6,125,000,000","5,793,000,000","5,926,000,000","5,643,000,000","5,668,000,000","5,488,000,000","5,529,000,000","5,339,000,000","4,856,000,000","5,358,000,000","5,709,000,000","5,629,000,000","5,625,000,000","5,358,000,000","5,397,000,000","5,049,000,000","5,043,000,000","4,737,000,000","4,796,000,000","4,531,000,000","4,511,000,000","4,295,000,000","4,424,000,000","4,259,000,000","4,184,000,000","3,969,000,000","4,008,000,000","3,787,000,000","3,735,000,000","3,591,000,000","3,739,000,000","3,744,000,000","3,648,000,000","3,468,000,000","3,532,000,000","3,353,000,000","3,251,000,000","3,140,000,000","596,000,000","4,028,000,000","3,995,000,000","3,766,000,000","4,873,000,000","4,832,000,000","4,886,000,000","4,735,000,000","4,652,000,000","4,374,000,000","4,287,000,000","4,198,000,000","4,065,000,000","3,955,000,000","4,012,000,000","3,808,000,000",,,,,,,,,,,,,,,,,,
	NetInterestIncome,"12,288,000,000","3,442,000,000","3,105,000,000","2,983,000,000","2,758,000,000","2,578,000,000","2,360,000,000","2,199,000,000","2,108,000,000","1,994,000,000","1,818,000,000","1,830,000,000","1,897,000,000","1,874,000,000","1,884,000,000","2,330,000,000","2,284,000,000","2,203,000,000","2,074,000,000","2,059,000,000","2,032,000,000","1,961,000,000","1,829,000,000","1,841,000,000","1,736,000,000","1,675,000,000","1,530,000,000","1,500,000,000","1,408,000,000","1,334,000,000","1,449,000,000","1,580,000,000","1,547,000,000","1,505,000,000","1,423,000,000","1,447,000,000","1,424,000,000","1,395,000,000","1,316,000,000","1,337,000,000","1,319,000,000","1,283,000,000","1,202,000,000","1,243,000,000","1,193,000,000","1,181,000,000","1,121,000,000","1,133,000,000","1,177,000,000","1,179,000,000","1,151,000,000","1,134,000,000","1,190,000,000","1,184,000,000","1,188,000,000","1,307,000,000","710,000,000","754,000,000","741,000,000","919,000,000","1,418,000,000","916,000,000","954,000,000","985,000,000","1,973,000,000","882,000,000","1,003,000,000","898,000,000","1,886,000,000","-60,000,000","-34,000,000","-4,000,000","30,000,000","8,000,000","571,000,000","584,000,000","588,000,000","550,000,000","575,000,000","538,000,000","581,000,000","491,000,000","549,000,000","537,000,000","546,000,000","495,000,000","381,000,000","487,000,000","435,000,000","351,000,000","-400,000,000","250,000,000","443,000,000","506,000,000","491,000,000","497,000,000","602,000,000","542,000,000","589,000,000","561,000,000","587,000,000","546,000,000","561,000,000","584,000,000","544,000,000","568,000,000","557,000,000","581,000,000","564,000,000","527,000,000","535,000,000","547,000,000","821,000,000","856,000,000","816,000,000","796,000,000","772,000,000","795,000,000","761,000,000","781,000,000","433,000,000","932,000,000","919,000,000","855,000,000","959,000,000","1,011,000,000","901,000,000","861,000,000","840,000,000","851,000,000","795,000,000","752,000,000","659,000,000","625,000,000","579,000,000","581,000,000",,,,,,,,,,,,,,,,,,
		InterestIncome,"18,396,000,000","5,240,000,000","4,775,000,000","4,416,000,000","3,965,000,000","3,374,000,000","2,799,000,000","2,520,000,000","2,400,000,000","2,301,000,000","2,140,000,000","2,192,000,000","2,287,000,000","2,324,000,000","2,426,000,000","3,046,000,000","3,085,000,000","3,080,000,000","2,965,000,000","2,954,000,000","2,866,000,000","2,738,000,000","2,540,000,000","2,462,000,000","2,316,000,000","2,242,000,000","2,052,000,000","1,943,000,000","1,821,000,000","1,764,000,000","1,885,000,000","2,005,000,000","1,947,000,000","1,904,000,000","1,837,000,000","1,857,000,000","1,829,000,000","1,815,000,000","1,759,000,000","1,776,000,000","1,782,000,000","1,767,000,000","1,694,000,000","1,762,000,000","1,737,000,000","1,739,000,000","1,671,000,000","1,707,000,000","1,752,000,000","1,754,000,000","1,728,000,000","1,727,000,000","1,795,000,000","1,794,000,000","1,798,000,000","1,905,000,000","1,272,000,000","1,297,000,000","1,288,000,000","1,474,000,000","2,355,000,000","1,759,000,000","1,810,000,000","1,904,000,000","3,009,000,000","1,890,000,000","2,072,000,000","1,861,000,000","3,866,000,000","264,000,000","274,000,000","275,000,000","279,000,000","246,000,000","822,000,000","803,000,000","826,000,000","766,000,000","785,000,000","741,000,000","786,000,000","730,000,000","780,000,000","767,000,000","816,000,000","759,000,000","658,000,000","758,000,000","777,000,000","736,000,000","12,000,000","611,000,000","800,000,000","858,000,000","836,000,000","796,000,000","903,000,000","804,000,000","844,000,000","795,000,000","854,000,000","802,000,000","811,000,000","810,000,000","794,000,000","809,000,000","795,000,000","776,000,000","811,000,000","796,000,000","844,000,000","838,000,000","1,131,000,000","1,166,000,000","1,135,000,000","1,099,000,000","1,042,000,000","1,046,000,000","1,018,000,000","1,014,000,000","-2,874,000,000","2,722,000,000","2,604,000,000","2,529,000,000","2,784,000,000","2,891,000,000","2,903,000,000","2,802,000,000","2,813,000,000","2,960,000,000","2,871,000,000","2,846,000,000","2,895,000,000","2,733,000,000","2,630,000,000","2,678,000,000",,,,,,,,,,,,,,,,,,
			InterestIncomeFromLoansAndLease,"16,410,000,000","4,635,000,000","4,213,000,000","3,939,000,000","3,623,000,000","3,164,000,000","2,707,000,000","2,473,000,000","2,356,000,000","2,256,000,000","2,094,000,000","2,144,000,000","2,236,000,000","2,266,000,000","2,368,000,000","2,909,000,000","2,934,000,000","2,885,000,000","2,764,000,000","2,725,000,000","2,674,000,000","2,554,000,000","2,387,000,000","2,326,000,000","2,202,000,000","2,129,000,000","1,947,000,000","1,860,000,000","1,759,000,000","1,690,000,000","1,818,000,000","1,938,000,000","1,891,000,000","1,847,000,000","1,776,000,000","1,795,000,000","1,769,000,000","1,753,000,000","1,696,000,000","1,711,000,000","1,715,000,000","1,698,000,000","1,622,000,000","1,683,000,000","1,660,000,000","1,658,000,000","1,582,000,000","1,611,000,000","1,654,000,000","1,653,000,000","1,611,000,000","1,619,000,000","1,676,000,000","1,675,000,000","1,657,000,000","1,775,000,000","1,036,000,000","1,059,000,000","1,081,000,000","1,292,000,000","1,492,000,000","1,521,000,000","1,521,000,000","1,625,000,000","713,000,000","1,890,000,000","2,072,000,000","1,861,000,000",,,,,,,,,,,,,,,,,,,,,,,,,,,,,,,,,,,,,,,,,,,,,,,,,,,,,,,,,,,,,,,,,,,,,,,,,,,,,,,,,,,,,,
				InterestIncomeFromLoans,"16,410,000,000","4,635,000,000","4,213,000,000","3,939,000,000","3,623,000,000","3,164,000,000","2,707,000,000","2,473,000,000","2,356,000,000","2,256,000,000","2,094,000,000","2,144,000,000","2,236,000,000","2,266,000,000","2,368,000,000","2,909,000,000","2,934,000,000","2,885,000,000","2,764,000,000","2,725,000,000","2,674,000,000","2,554,000,000","2,387,000,000","2,326,000,000","2,202,000,000","2,129,000,000","1,947,000,000","1,860,000,000","1,759,000,000","1,690,000,000","1,818,000,000","1,938,000,000","1,891,000,000","1,847,000,000","1,776,000,000","1,795,000,000","1,769,000,000","1,753,000,000","1,696,000,000","1,711,000,000","1,715,000,000","1,698,000,000","1,622,000,000","1,683,000,000","1,660,000,000","1,658,000,000","1,582,000,000","1,611,000,000","1,654,000,000","1,653,000,000","1,611,000,000","1,619,000,000","1,676,000,000","1,675,000,000","1,657,000,000","1,775,000,000","1,036,000,000","1,059,000,000","1,081,000,000","1,292,000,000","1,492,000,000","1,521,000,000","1,521,000,000","1,625,000,000","713,000,000","1,890,000,000","2,072,000,000","1,861,000,000",,,,,,,,,,,,,,,,,,,,,,,,,,,,,,,,,,,,,,,,,,,,,,,,,,,,,,,,,,,,,,,,,,,,,,,,,,,,,,,,,,,,,,
			InterestIncomeFromSecurities,"131,000,000","33,000,000","34,000,000","30,000,000","34,000,000","27,000,000","22,000,000","13,000,000","17,000,000","18,000,000","24,000,000","24,000,000","29,000,000","33,000,000","27,000,000","38,000,000","50,000,000","53,000,000","52,000,000","33,000,000","35,000,000","35,000,000","27,000,000","21,000,000","21,000,000","22,000,000","23,000,000","23,000,000","27,000,000","34,000,000","34,000,000","36,000,000","37,000,000","38,000,000","41,000,000","41,000,000","43,000,000","45,000,000","45,000,000","46,000,000","48,000,000","48,000,000","52,000,000","53,000,000","53,000,000","60,000,000","67,000,000","66,000,000","72,000,000","68,000,000","99,000,000","88,000,000","98,000,000","103,000,000","125,000,000","117,000,000","225,000,000","229,000,000","196,000,000","154,000,000",,,,,,,,,,,,,,,,,,,,,,,,,,,,,,,,,,,,,,,,,,,,,,,,,,,,,,,,,,,,,,,,,,,,,,,,,,,,,,,,,,,,,,,,,,,,,,
			InterestIncomeFromDeposits,"1,855,000,000","572,000,000","528,000,000","447,000,000","308,000,000","183,000,000","70,000,000","34,000,000","27,000,000","27,000,000","22,000,000","24,000,000","22,000,000","25,000,000","31,000,000","99,000,000","101,000,000","142,000,000","149,000,000","196,000,000","157,000,000","149,000,000","126,000,000","115,000,000","93,000,000","91,000,000","82,000,000","60,000,000","35,000,000","40,000,000","33,000,000","31,000,000","19,000,000","19,000,000","20,000,000","21,000,000","17,000,000","17,000,000","18,000,000","19,000,000","19,000,000","21,000,000","20,000,000","26,000,000","24,000,000","21,000,000","22,000,000","30,000,000","26,000,000","33,000,000","18,000,000","20,000,000","21,000,000","16,000,000","16,000,000","13,000,000","11,000,000","9,000,000","11,000,000","28,000,000",,,,,,,,,,,,,,,,,,,,,,,,,,,,,,,,,,,,,,,,,,,,,,,,,,,,,,,,,,,,,,,,,,,,,,,,,,,,,,,,,,,,,,,,,,,,,,
			OtherInterestIncome,,,,,,,,,,,,,,,,,,,,,,,,,,,,,,,,,,,,,,,,,,,,,,,,,,,,,,,,,,,,,"92,000,000","238,000,000","289,000,000","279,000,000",,,,,,,,,,,,,,,,,,,,,,,,,,,,,,,,,,,,,,,,,,,,,,,,,,,,,,,,,,,,,,,,,,,,,,,,,,,,,,,,,,,,,,,,,,
		InterestExpense,"6,108,000,000","1,798,000,000","1,670,000,000","1,433,000,000","1,207,000,000","796,000,000","439,000,000","321,000,000","292,000,000","307,000,000","322,000,000","362,000,000","390,000,000","450,000,000","542,000,000","716,000,000","801,000,000","877,000,000","891,000,000","895,000,000","834,000,000","777,000,000","711,000,000","621,000,000","580,000,000","567,000,000","522,000,000","443,000,000","413,000,000","430,000,000","436,000,000","425,000,000","400,000,000","399,000,000","414,000,000","410,000,000","405,000,000","420,000,000","443,000,000","439,000,000","463,000,000","484,000,000","492,000,000","519,000,000","544,000,000","558,000,000","550,000,000","574,000,000","575,000,000","575,000,000","577,000,000","593,000,000","605,000,000","610,000,000","610,000,000","598,000,000","562,000,000","543,000,000","547,000,000","555,000,000","937,000,000","843,000,000","856,000,000","919,000,000","1,036,000,000","1,008,000,000","1,069,000,000","963,000,000","1,980,000,000","324,000,000","308,000,000","279,000,000","249,000,000","238,000,000","251,000,000","219,000,000","238,000,000","216,000,000","210,000,000","203,000,000","205,000,000","239,000,000","231,000,000","230,000,000","270,000,000","264,000,000","277,000,000","271,000,000","342,000,000","385,000,000","412,000,000","361,000,000","357,000,000","352,000,000","345,000,000","299,000,000","301,000,000","262,000,000","255,000,000","234,000,000","267,000,000","256,000,000","250,000,000","226,000,000","250,000,000","241,000,000","238,000,000","195,000,000","247,000,000","269,000,000","309,000,000","291,000,000","310,000,000","310,000,000","319,000,000","303,000,000","270,000,000","251,000,000","257,000,000","233,000,000","-3,307,000,000","1,790,000,000","1,685,000,000","1,674,000,000","1,825,000,000","1,880,000,000","2,002,000,000","1,941,000,000","1,973,000,000","2,109,000,000","2,076,000,000","2,094,000,000","2,236,000,000","2,108,000,000","2,051,000,000","2,097,000,000",,,,,,,,,,,,,,,,,,
			InterestExpenseForDeposit,"4,258,000,000","1,290,000,000","1,196,000,000","994,000,000","778,000,000","440,000,000","187,000,000","122,000,000","102,000,000","109,000,000","113,000,000","134,000,000","155,000,000","202,000,000","260,000,000","326,000,000","353,000,000","401,000,000","406,000,000","399,000,000","377,000,000","340,000,000","300,000,000","270,000,000","241,000,000","213,000,000","176,000,000","149,000,000","148,000,000","150,000,000","150,000,000","150,000,000","138,000,000","125,000,000","109,000,000","103,000,000","97,000,000","91,000,000","91,000,000","94,000,000","110,000,000","111,000,000","107,000,000","114,000,000","118,000,000","118,000,000","115,000,000","129,000,000","133,000,000","127,000,000","131,000,000","137,000,000","140,000,000","141,000,000","137,000,000","128,000,000","126,000,000","109,000,000","-105,000,000","-85,000,000",,,,,,,,,,,,,,,,,,,,,,,,,,,,,,,,,,,,,,,,,,,,,,,,,,,,,,,,,,,,,,,,,,,,,,,,,,,,,,,,,,,,,,,,,,,,,,
			InterestExpenseForShortTermDebt,,,,,,,,,,,,,,,,,,,,,,,,,,,,,,,,,,,,,,,,,,,,,,,"6,000,000","5,000,000","5,000,000","5,000,000","1,000,000","0","1,000,000","0","1,000,000","1,000,000","1,709,000,000","2,000,000","-7,000,000","-27,000,000",,,,,,,,,,,,,,,,,,,,,,,,,,,,,,,,,,,,,,,,,,,,,,,,,,,,,,,,,,,,,,,,,,,,,,,,,,,,,,,,,,,,,,,,,,,,,,
			InterestExpenseForLongTermDebtAndCapitalSecurities,"1,850,000,000","508,000,000","474,000,000","439,000,000","429,000,000","356,000,000","252,000,000","199,000,000","190,000,000","198,000,000","209,000,000","228,000,000","235,000,000","248,000,000","282,000,000","390,000,000","448,000,000","476,000,000","485,000,000","496,000,000","457,000,000","437,000,000","411,000,000","351,000,000","339,000,000","354,000,000","346,000,000","294,000,000","265,000,000","280,000,000","286,000,000","275,000,000","262,000,000","274,000,000","305,000,000","307,000,000","308,000,000","329,000,000","352,000,000","345,000,000","353,000,000","373,000,000","385,000,000","405,000,000","426,000,000","440,000,000","429,000,000","440,000,000","437,000,000","443,000,000","445,000,000","456,000,000","464,000,000","469,000,000","472,000,000","469,000,000","-1,273,000,000","432,000,000","431,000,000","434,000,000",,,,"417,000,000",,,,,,,,,,,,,,,,,,,,,,,,,,,,,,,,,,,,,,,,,,,,,,,,,,,,,,,,,,,,,,,,,,,,,,,,,,,,,,,,,,,,,,,,,,
			OtherInterestExpense,,,,,,,,,,,,,,,,,,,,,,,,,,,,,,,,,,,,,,,,,,,,,,,,,,,,,,,,,,,"228,000,000","233,000,000",,,,"502,000,000",,,,,,,,,,,,,,,,,,,,,,,,,,,,,,,,,,,,,,,,,,,,,,,,,,,,,,,,,,,,,,,,,,,,,,,,,,,,,,,,,,,,,,,,,,
	NonInterestIncome,"46,225,000,000","11,900,000,000","11,949,000,000","11,298,000,000","11,418,000,000","10,978,000,000","11,035,000,000","9,536,000,000","10,037,000,000","8,934,000,000","8,453,000,000","7,349,000,000","7,454,000,000","6,877,000,000","5,791,000,000","7,980,000,000","9,081,000,000","8,786,000,000","8,764,000,000","8,305,000,000","8,442,000,000","8,183,000,000","8,173,000,000","7,877,000,000","7,103,000,000","6,761,000,000","6,777,000,000","6,389,000,000","6,614,000,000","6,440,000,000","6,786,000,000","6,508,000,000","6,844,000,000","6,688,000,000","6,861,000,000","6,503,000,000","7,683,000,000","6,934,000,000","7,341,000,000","6,862,000,000","7,228,000,000","7,018,000,000","7,043,000,000","6,638,000,000","6,948,000,000","6,681,000,000","6,844,000,000","6,481,000,000","6,565,000,000","6,392,000,000","6,467,000,000","5,897,000,000","5,952,000,000","5,849,000,000","5,670,000,000","5,299,000,000","5,568,000,000","5,262,000,000","5,351,000,000","5,007,000,000","5,088,000,000","6,248,000,000","6,530,000,000","6,201,000,000","5,391,000,000","6,063,000,000","6,127,000,000","5,770,000,000","4,984,000,000","6,495,000,000","6,576,000,000","6,057,000,000","6,158,000,000","5,822,000,000","7,180,000,000","6,770,000,000","6,919,000,000","6,436,000,000","6,473,000,000","6,169,000,000","6,282,000,000","5,689,000,000","5,576,000,000","5,256,000,000","5,380,000,000","5,148,000,000","5,287,000,000","5,001,000,000","5,094,000,000","4,988,000,000","5,256,000,000","5,108,000,000","5,266,000,000","5,123,000,000","5,134,000,000","4,861,000,000","4,795,000,000","4,507,000,000","4,454,000,000","4,176,000,000","4,209,000,000","3,985,000,000","3,950,000,000","3,711,000,000","3,880,000,000","3,691,000,000","3,627,000,000","3,388,000,000","3,444,000,000","3,260,000,000","3,200,000,000","3,044,000,000","2,918,000,000","2,888,000,000","2,832,000,000","2,672,000,000","2,760,000,000","2,558,000,000","2,490,000,000","2,359,000,000","163,000,000","3,096,000,000","3,076,000,000","2,911,000,000","3,914,000,000","3,821,000,000","3,985,000,000","3,874,000,000","3,812,000,000","3,523,000,000","3,492,000,000","3,446,000,000","3,406,000,000","3,330,000,000","3,433,000,000","3,227,000,000",,,,,,,,,,,,,,,,,,
		TotalPremiumsEarned,,,,,,,,,,,,,,,,,,,,,,,,,,,,,,,,,,,,,,,,,,,,,,,,,,,,,"57,000,000","3,818,000,000","63,000,000",,,,,,,,,,,,,,,,,,,,"403,000,000","316,000,000","394,000,000","389,000,000","378,000,000","364,000,000","366,000,000","345,000,000","341,000,000","211,000,000","211,000,000","198,000,000","207,000,000","186,000,000","184,000,000","173,000,000","161,000,000","156,000,000","150,000,000","145,000,000","141,000,000","138,000,000","136,000,000","131,000,000","127,000,000","123,000,000","123,000,000","119,000,000","115,000,000","113,000,000","110,000,000","106,000,000","102,000,000","106,000,000","100,000,000","99,000,000","99,000,000","97,000,000","101,000,000","218,000,000","209,000,000","207,000,000","198,000,000","209,000,000","192,000,000","184,000,000","180,000,000","179,000,000","177,000,000","166,000,000","197,000,000","195,000,000","190,000,000","193,000,000","188,000,000","175,000,000","165,000,000","183,000,000","160,000,000","148,000,000","143,000,000","146,000,000",,,,,,,,,,,,,,,,,,
		FeesAndCommissions,"46,604,000,000","11,939,000,000","11,949,000,000","11,298,000,000","11,418,000,000","10,978,000,000","11,035,000,000","9,536,000,000","9,506,000,000","8,620,000,000","8,173,000,000","7,015,000,000","7,287,000,000","6,668,000,000","5,605,000,000","7,668,000,000","8,738,000,000","8,424,000,000","8,402,000,000","7,942,000,000","8,142,000,000","7,849,000,000","7,824,000,000","7,500,000,000","6,655,000,000","6,325,000,000","6,338,000,000","5,980,000,000","6,099,000,000","5,957,000,000","6,241,000,000","6,022,000,000","6,304,000,000","6,184,000,000","6,340,000,000","6,035,000,000","6,373,000,000","6,341,000,000","6,756,000,000","6,361,000,000","6,659,000,000","6,417,000,000","6,476,000,000","6,101,000,000","6,304,000,000","1,679,000,000","1,711,000,000","1,644,000,000","18,345,000,000","1,640,000,000","1,652,000,000","1,520,000,000","17,032,000,000","1,529,000,000","1,451,000,000","1,407,000,000","14,815,000,000","1,369,000,000","1,378,000,000","1,350,000,000","16,964,000,000","1,649,000,000","1,739,000,000","1,683,000,000","16,729,000,000","1,650,000,000","1,672,000,000","1,543,000,000","12,094,000,000","2,421,000,000","4,079,000,000","2,306,000,000","-6,715,000,000","2,208,000,000","3,070,000,000","2,887,000,000","5,376,000,000","2,206,000,000","2,255,000,000","2,197,000,000","2,799,000,000","2,378,000,000","2,318,000,000","2,316,000,000","2,267,000,000","2,202,000,000","2,298,000,000","2,250,000,000","2,222,000,000","2,198,000,000","2,255,000,000","2,341,000,000","2,419,000,000","2,394,000,000","2,429,000,000","2,375,000,000","2,328,000,000","2,233,000,000","2,152,000,000","2,115,000,000","2,143,000,000","1,577,000,000","1,699,000,000","1,576,000,000","1,770,000,000","1,468,000,000","2,026,000,000","1,374,000,000","1,404,000,000","1,356,000,000","1,596,000,000","1,305,000,000","1,345,000,000","1,319,000,000","1,304,000,000","1,251,000,000","2,338,000,000","2,157,000,000","2,105,000,000","1,996,000,000","884,000,000","2,372,000,000","2,334,000,000","2,220,000,000","3,345,000,000","3,238,000,000","3,306,000,000","3,312,000,000","3,276,000,000","2,920,000,000","2,979,000,000","2,831,000,000","2,901,000,000","2,865,000,000","2,935,000,000","2,774,000,000",,,,,,,,,,,,,,,,,,
			FeesandCommissionIncome,"46,604,000,000","11,939,000,000","11,949,000,000","11,298,000,000","11,418,000,000","10,978,000,000","11,035,000,000","9,536,000,000","9,506,000,000","8,620,000,000","8,173,000,000","7,015,000,000","7,287,000,000","6,668,000,000","5,605,000,000","7,668,000,000","8,738,000,000","8,424,000,000","8,402,000,000","7,942,000,000","8,142,000,000","7,849,000,000","7,824,000,000","7,500,000,000","6,655,000,000","6,325,000,000","6,338,000,000","5,980,000,000","6,099,000,000","5,957,000,000","6,241,000,000","6,022,000,000","6,304,000,000","6,184,000,000","6,340,000,000","6,035,000,000","6,373,000,000","6,341,000,000","6,756,000,000","6,361,000,000","6,659,000,000","6,417,000,000","6,476,000,000","6,101,000,000","6,304,000,000","1,679,000,000","1,711,000,000","1,644,000,000","18,345,000,000","1,640,000,000","1,652,000,000","1,520,000,000","17,032,000,000","1,529,000,000","1,451,000,000","1,407,000,000","14,815,000,000","1,369,000,000","1,378,000,000","1,350,000,000","16,964,000,000","1,649,000,000","1,739,000,000","1,683,000,000","16,729,000,000","1,650,000,000","1,672,000,000","1,543,000,000","12,094,000,000","2,421,000,000","4,079,000,000","2,306,000,000","-6,715,000,000","2,208,000,000","3,070,000,000","2,887,000,000","5,376,000,000","2,206,000,000","2,255,000,000","2,197,000,000","2,799,000,000","2,378,000,000","2,318,000,000","2,316,000,000","2,267,000,000","2,202,000,000","2,298,000,000","2,250,000,000","2,222,000,000","2,198,000,000","2,255,000,000","2,341,000,000","2,419,000,000","2,394,000,000","2,429,000,000","2,375,000,000","2,328,000,000","2,233,000,000","2,152,000,000","2,115,000,000","2,143,000,000","1,577,000,000","1,699,000,000","1,576,000,000","1,770,000,000","1,468,000,000","2,026,000,000","1,374,000,000","1,404,000,000","1,356,000,000","1,596,000,000","1,305,000,000","1,345,000,000","1,319,000,000","1,304,000,000","1,251,000,000","2,338,000,000","2,157,000,000","2,105,000,000","1,996,000,000","884,000,000","2,372,000,000","2,334,000,000","2,220,000,000","3,345,000,000","3,238,000,000","3,306,000,000","3,312,000,000","3,276,000,000","2,920,000,000","2,979,000,000","2,831,000,000","2,901,000,000","2,865,000,000","2,935,000,000","2,774,000,000",,,,,,,,,,,,,,,,,,
				ServiceChargeOnDepositorAccounts,"37,981,000,000","10,009,000,000","10,160,000,000","9,585,000,000","9,793,000,000","9,437,000,000","9,554,000,000","8,113,000,000","7,482,000,000","6,676,000,000","6,327,000,000","5,242,000,000","5,549,000,000","5,279,000,000","4,374,000,000","5,838,000,000","6,829,000,000","6,566,000,000","6,577,000,000","6,195,000,000","6,457,000,000","6,181,000,000","6,194,000,000","5,889,000,000","5,080,000,000","4,772,000,000","4,815,000,000","4,519,000,000","4,697,000,000","4,516,000,000","4,824,000,000","4,643,000,000","4,913,000,000","4,778,000,000","4,946,000,000","4,660,000,000","4,987,000,000","4,915,000,000","4,945,000,000","4,646,000,000","4,869,000,000","4,659,000,000","4,729,000,000","4,438,000,000","4,575,000,000",,,,,,,,,,,,,,,,,,,,,,,,,,,,,,,,,,,,,,,,,,,,,,,,,,,,,,,,,,,,,,,,,,,,,,,,,,,,,,,,,,,,,,,,,,,,,,,,,,,,,,,,,,,,,
				TrustFeesbyCommissions,,,,,,,,,,,,,,,,,,,,,,,,,,,,,,,,,,,,,,,,,,,,,,,,,,,,,,,,,,,,,,,,,,,,,,,,,,,,,,,,,,,,,,,,,,,,,,,,,,,,,,,,,,,,,,,,,,,,,"2,338,000,000","2,157,000,000","2,105,000,000",,"884,000,000","2,372,000,000","2,334,000,000","2,220,000,000","3,345,000,000","3,238,000,000","3,306,000,000","3,312,000,000","3,276,000,000","2,920,000,000","2,979,000,000","2,831,000,000","2,901,000,000","2,865,000,000","2,935,000,000","2,774,000,000",,,,,,,,,,,,,,,,,,
				CreditCard,"6,973,000,000","1,846,000,000","1,789,000,000","1,713,000,000","1,625,000,000","1,541,000,000","1,481,000,000","1,423,000,000","1,344,000,000","1,312,000,000","1,286,000,000","1,253,000,000","1,222,000,000","1,191,000,000","1,141,000,000","1,110,000,000","1,077,000,000","1,033,000,000","988,000,000","944,000,000","897,000,000","870,000,000","844,000,000","830,000,000","785,000,000","786,000,000","771,000,000","748,000,000","725,000,000","747,000,000","715,000,000","699,000,000","687,000,000","679,000,000","667,000,000","667,000,000","671,000,000","680,000,000","687,000,000","674,000,000","673,000,000","658,000,000","647,000,000","653,000,000","648,000,000","633,000,000","615,000,000","610,000,000","545,000,000","556,000,000","545,000,000","537,000,000","534,000,000","527,000,000","520,000,000","521,000,000","549,000,000","538,000,000","532,000,000","532,000,000",,,,,,,,,,,,,,,,,,,,,,,,,,,,,,,,,,,,,,,,,,,,,,,,,,,,,,,,,,,,,,,,,,,,,,,,,,,,,,,,,,,,,,,,,,,,,,
				OtherCustomerServices,"1,650,000,000","84,000,000","103,000,000","146,000,000","1,317,000,000","112,000,000","267,000,000","65,000,000","680,000,000","632,000,000","560,000,000","520,000,000","516,000,000","198,000,000","90,000,000","720,000,000","832,000,000","825,000,000","837,000,000","803,000,000","788,000,000","798,000,000","786,000,000","781,000,000","790,000,000","767,000,000","752,000,000","713,000,000","677,000,000","694,000,000","702,000,000","680,000,000","704,000,000","727,000,000","727,000,000","708,000,000","715,000,000","746,000,000","1,124,000,000","1,041,000,000","1,117,000,000","1,100,000,000","1,100,000,000","1,010,000,000","1,081,000,000","1,046,000,000","1,096,000,000","1,034,000,000","-717,000,000","1,084,000,000","1,107,000,000","983,000,000","-384,000,000","1,002,000,000","931,000,000","886,000,000","-656,000,000","831,000,000","846,000,000","818,000,000",,,,,,,,,,,,,,,,,,,,,,,,,,,,,,,,,,,,,,,,,,,,,,,,,,,,,,,,,,,,,,,,,,,,,,,,,,,,,,,,,,,,,,,,,,,,,,
			FeesandCommissionExpense,,,,,,,,,,,"432,000,000","317,000,000","307,000,000","259,000,000","208,000,000","456,000,000","551,000,000","558,000,000","563,000,000","550,000,000","495,000,000","457,000,000","416,000,000","409,000,000","406,000,000","363,000,000","349,000,000","321,000,000","292,000,000","278,000,000","281,000,000","282,000,000","246,000,000","269,000,000","242,000,000","261,000,000","203,000,000","205,000,000","192,000,000","222,000,000","188,000,000","197,000,000","193,000,000","189,000,000","197,000,000",,,,,,,,,,,,,,,,,,,,,,,,,,,,,,,,,,,,,,,,,,,,,,,,,,,,,,,,,,,,,,,,,,,,,,,,,,,,,,,,,,,,,,,,,,,,,,,,,,,,,,,,,,,,,
		ForeignExchangeTradingGains,,,,,,,,,,,,,"97,000,000","86,000,000","57,000,000","193,000,000","250,000,000","252,000,000","250,000,000","230,000,000","230,000,000","233,000,000","233,000,000","225,000,000","221,000,000","219,000,000","212,000,000","199,000,000","199,000,000","207,000,000","207,000,000","196,000,000","206,000,000","213,000,000","222,000,000","211,000,000","212,000,000","225,000,000","227,000,000","213,000,000","222,000,000","223,000,000","222,000,000","210,000,000",,,,,,,,,"224,000,000","221,000,000","205,000,000",,,,,,,,,,,,,,,,,,,,,,,,,,,,,,,,,,,,,,,,,,,,,,,,,,,,,,,,,,,,,,,,,,,,,,,,,,,,,,,,,,,,,,,,,,,,,,,,,,,
		GainLossonSaleofAssets,"-379,000,000","-39,000,000","-11,000,000","-95,000,000","-234,000,000","-47,000,000","-10,000,000","-11,000,000","-6,000,000","142,000,000","248,000,000","377,000,000",,,,,,,,,,,,,"0","0","0","0","4,000,000","1,000,000","1,091,000,000","131,000,000","0","1,000,000","0","0","0","20,000,000","41,000,000","39,000,000","34,000,000","37,000,000","29,000,000","36,000,000",,,,,,,,,"-180,000,000","0","0","0",,"71,000,000",,"141,000,000",,,"227,000,000","444,000,000",,,,,,,,,,,,,,,,,,,,,,,,,,,,,,,,,,,,,,,,,,,,,,,,,,,,,,,,,,,,,,,,,,,,,,,,,,,,,,,,,,,,,,,,,,
			GainOnSaleOfSecurity,"-379,000,000","-39,000,000","-11,000,000","-95,000,000","-234,000,000","-47,000,000","-10,000,000","-11,000,000","-6,000,000","142,000,000","248,000,000","377,000,000",,,,,,,,,,,,,,,,,"4,000,000","1,000,000","0","4,000,000","0","1,000,000","0","0","0","20,000,000","41,000,000","39,000,000","34,000,000","37,000,000","29,000,000","36,000,000",,,,,,,,,"-180,000,000","0","0","0",,"71,000,000",,"141,000,000",,,"227,000,000","444,000,000",,,,,,,,,,,,,,,,,,,,,,,,,,,,,,,,,,,,,,,,,,,,,,,,,,,,,,,,,,,,,,,,,,,,,,,,,,,,,,,,,,,,,,,,,,
			GainonSaleofLoans,,,,,,,,,,,,,,,,,,,,,,,,,"0","0","0","0","0","0","1,091,000,000","127,000,000",,,,,,,,,,,,,,,,,,,,,,,,,,,,,,,,,,,,,,,,,,,,,,,,,,,,,,,,,,,,,,,,,,,,,,,,,,,,,,,,,,,,,,,,,,,,,,,,,,,,,,,,,,,,,,,,,,,,,,,,,,
		OtherNonInterestIncome,,,,,,,"416,000,000",,"531,000,000","314,000,000","280,000,000","334,000,000","167,000,000","209,000,000","186,000,000","312,000,000","343,000,000","362,000,000","362,000,000","363,000,000","300,000,000","334,000,000","349,000,000","377,000,000","448,000,000","436,000,000","439,000,000","409,000,000","515,000,000","483,000,000","545,000,000","486,000,000","540,000,000","504,000,000","521,000,000","468,000,000","1,310,000,000","593,000,000","585,000,000","501,000,000","569,000,000","601,000,000","567,000,000","537,000,000","644,000,000","5,002,000,000","5,133,000,000","4,837,000,000","-12,037,000,000","4,752,000,000","4,815,000,000","4,377,000,000","-10,343,000,000","502,000,000","4,219,000,000","3,892,000,000","-9,954,000,000","3,822,000,000","3,973,000,000","5,007,000,000","-12,185,000,000","4,599,000,000","4,564,000,000","4,074,000,000","-11,395,000,000","4,413,000,000","4,455,000,000","4,227,000,000","-10,097,000,000","4,074,000,000","2,497,000,000","3,751,000,000","12,873,000,000","3,614,000,000","3,707,000,000","3,567,000,000","1,149,000,000","3,841,000,000","3,840,000,000","3,608,000,000","3,117,000,000","2,966,000,000","2,917,000,000","2,729,000,000","2,902,000,000","2,748,000,000","2,782,000,000","2,565,000,000","2,688,000,000","2,617,000,000","2,840,000,000","2,611,000,000","2,697,000,000","2,584,000,000","2,564,000,000","2,348,000,000","2,331,000,000","2,143,000,000","2,175,000,000","1,938,000,000","1,943,000,000","2,289,000,000","2,136,000,000","2,022,000,000","2,000,000,000","2,117,000,000","1,499,000,000","1,908,000,000","1,940,000,000","1,805,000,000","1,505,000,000","1,642,000,000","1,472,000,000","1,351,000,000","1,319,000,000","1,214,000,000","224,000,000","192,000,000","193,000,000","179,000,000","-901,000,000","545,000,000","565,000,000","525,000,000","372,000,000","388,000,000","489,000,000","369,000,000","348,000,000","428,000,000","348,000,000","432,000,000","345,000,000","317,000,000","355,000,000","307,000,000",,,,,,,,,,,,,,,,,,
CreditLossesProvision,"-4,513,000,000","-1,233,000,000","-1,198,000,000","-1,055,000,000","-1,027,000,000","-778,000,000","-410,000,000","33,000,000","-53,000,000","191,000,000","606,000,000","675,000,000","111,000,000","-665,000,000","-1,555,000,000","-2,621,000,000","-1,024,000,000","-879,000,000","-861,000,000","-809,000,000","-954,000,000","-817,000,000","-806,000,000","-775,000,000","-833,000,000","-769,000,000","-584,000,000","-573,000,000","-625,000,000","-504,000,000","-463,000,000","-434,000,000","-572,000,000","-529,000,000","-467,000,000","-420,000,000","-582,000,000","-488,000,000","-489,000,000","-485,000,000","-528,000,000","-492,000,000","-593,000,000","-497,000,000","-638,000,000","-479,000,000","-461,000,000","-412,000,000","-409,000,000","-249,000,000","-357,000,000","-97,000,000","-239,000,000","-373,000,000","-652,000,000","-943,000,000","-558,000,000","-1,178,000,000","-1,584,000,000","-1,803,000,000","-1,154,000,000","-1,368,000,000","-1,889,000,000","-1,269,000,000",,,,"-866,000,000",,,,"-530,000,000",,,,,,,,,,,,,,,,,,,,,,,,,,,,,,,,,,,,,,,,,,,,,,,,,,,,,,,,,,,,,,,,,,,,,,,,,,,,,,,,,,
NonInterestExpense,"43,986,000,000","11,009,000,000","11,122,000,000","11,059,000,000","11,278,000,000","10,319,000,000","10,442,000,000","9,056,000,000","9,786,000,000","8,669,000,000","7,937,000,000","6,861,000,000","7,604,000,000","6,722,000,000","5,498,000,000","7,237,000,000","8,355,000,000","7,844,000,000","7,758,000,000","7,597,000,000","7,689,000,000","7,209,000,000","7,105,000,000","6,861,000,000","6,185,000,000","5,685,000,000","5,774,000,000","5,499,000,000","6,236,000,000","5,535,000,000","4,524,000,000","5,386,000,000","5,946,000,000","5,726,000,000","5,587,000,000","5,214,000,000","6,300,000,000","5,595,000,000","5,856,000,000","5,506,000,000","6,039,000,000","5,805,000,000","5,657,000,000","5,475,000,000","6,574,000,000","5,513,000,000","5,625,000,000","5,429,000,000","5,994,000,000","5,611,000,000","5,496,000,000","5,202,000,000","6,546,000,000","5,020,000,000","4,611,000,000","4,411,000,000","5,632,000,000","3,920,000,000","4,090,000,000","3,579,000,000","5,206,000,000","4,718,000,000","4,829,000,000","4,563,000,000","3,351,000,000","5,528,000,000","5,690,000,000","4,208,000,000","3,200,000,000","5,097,000,000","5,100,000,000","4,198,000,000","5,229,000,000","4,750,000,000","6,432,000,000","5,979,000,000","6,324,000,000","5,732,000,000","5,782,000,000","5,459,000,000","5,773,000,000","5,118,000,000","5,028,000,000","4,797,000,000","4,963,000,000","4,686,000,000","4,720,000,000","4,643,000,000","4,902,000,000","4,569,000,000","4,703,000,000","4,617,000,000","4,796,000,000","4,600,000,000","4,579,000,000","4,438,000,000","4,552,000,000","4,142,000,000","4,148,000,000","3,946,000,000","4,083,000,000","3,732,000,000","3,711,000,000","3,681,000,000","3,734,000,000","3,541,000,000","3,482,000,000","3,329,000,000","3,165,000,000","3,166,000,000","3,099,000,000","3,026,000,000","3,197,000,000","3,173,000,000","3,076,000,000","2,970,000,000","3,057,000,000","2,855,000,000","2,773,000,000","2,700,000,000","293,000,000","3,444,000,000","3,374,000,000","2,948,000,000","4,755,000,000","5,129,000,000","4,306,000,000","4,362,000,000","4,485,000,000","4,425,000,000","3,977,000,000","3,865,000,000","3,929,000,000","3,505,000,000","3,566,000,000","4,115,000,000",,,,,,,,,,,,,,,,,,
	OccupancyAndEquipment,,,,,,,,,"659,000,000","613,000,000",,,"644,000,000","577,000,000","564,000,000","549,000,000","599,000,000","544,000,000","517,000,000","508,000,000","540,000,000","489,000,000","484,000,000","520,000,000","492,000,000","568,000,000","484,000,000","475,000,000","506,000,000","429,000,000","438,000,000","465,000,000","482,000,000","523,000,000","415,000,000","434,000,000","446,000,000","432,000,000","467,000,000","462,000,000","510,000,000","462,000,000","460,000,000","472,000,000","486,000,000","453,000,000","446,000,000","438,000,000",,"433,000,000","391,000,000","394,000,000","428,000,000","371,000,000","379,000,000","384,000,000",,,"392,000,000","358,000,000","456,000,000","398,000,000","412,000,000","375,000,000","382,000,000","374,000,000","379,000,000","370,000,000","405,000,000","375,000,000","365,000,000","346,000,000","390,000,000","346,000,000","426,000,000","406,000,000","453,000,000","396,000,000","402,000,000","390,000,000","451,000,000","361,000,000","379,000,000","338,000,000","412,000,000","349,000,000","328,000,000","369,000,000","410,000,000","398,000,000","395,000,000","371,000,000","428,000,000","372,000,000","366,000,000","362,000,000","376,000,000","327,000,000","316,000,000","308,000,000","362,000,000","300,000,000","304,000,000","283,000,000","292,000,000","289,000,000","286,000,000","272,000,000","296,000,000","281,000,000","299,000,000","288,000,000","299,000,000","271,000,000","268,000,000","268,000,000","330,000,000","243,000,000","242,000,000","243,000,000","119,000,000","290,000,000","289,000,000","276,000,000","433,000,000","405,000,000","399,000,000","392,000,000","419,000,000","387,000,000","376,000,000","371,000,000","389,000,000","368,000,000","358,000,000","358,000,000",,,,,,,,,,,,,,,,,,
	ProfessionalExpenseAndContractServicesExpense,"1,985,000,000","477,000,000","467,000,000","440,000,000","601,000,000","500,000,000","501,000,000","472,000,000","607,000,000","490,000,000","458,000,000","403,000,000","523,000,000","421,000,000","406,000,000","439,000,000","594,000,000","491,000,000","512,000,000","494,000,000","671,000,000","489,000,000","508,000,000","457,000,000","536,000,000","501,000,000","521,000,000","512,000,000","721,000,000","630,000,000","628,000,000","604,000,000","784,000,000","687,000,000","655,000,000","624,000,000","768,000,000","731,000,000","817,000,000","692,000,000","830,000,000","793,000,000","763,000,000","716,000,000","871,000,000","690,000,000","711,000,000","691,000,000","853,000,000","690,000,000","745,000,000","663,000,000","908,000,000","701,000,000","636,000,000","561,000,000","715,000,000","575,000,000","599,000,000","519,000,000",,,,,,,,,,,,,,,,,,,,,,,,,,,,,,,,,,,,,,,,,,,,,,,,,,,,,,,,,,,,,,,,,,,,,,,,,,,,,,,,,,,,,,,,,,,,,,
	SellingGeneralAndAdministration,"13,229,000,000","3,283,000,000","3,283,000,000","3,355,000,000","3,308,000,000","3,206,000,000","3,318,000,000","2,878,000,000","4,367,000,000","3,852,000,000","3,758,000,000","3,316,000,000","3,424,000,000","3,230,000,000","2,711,000,000","3,100,000,000","3,573,000,000","3,317,000,000","3,140,000,000","2,995,000,000","3,114,000,000","2,992,000,000","2,943,000,000","2,671,000,000","2,309,000,000","2,079,000,000","2,123,000,000","1,964,000,000","2,412,000,000","2,193,000,000","2,239,000,000","2,065,000,000","2,101,000,000","2,059,000,000","2,011,000,000","1,914,000,000","2,520,000,000","2,099,000,000","2,643,000,000","2,153,000,000","2,298,000,000","2,371,000,000","2,329,000,000","2,236,000,000","2,632,000,000","4,070,000,000","4,046,000,000","4,050,000,000","3,925,000,000","4,202,000,000","4,268,000,000","4,067,000,000","3,595,000,000","3,697,000,000","2,214,000,000","2,017,000,000","3,230,000,000","2,880,000,000","1,828,000,000","1,702,000,000","3,412,000,000","3,394,000,000","3,419,000,000","3,777,000,000","4,107,000,000","3,176,000,000","3,159,000,000","2,744,000,000","763,000,000","3,600,000,000","2,947,000,000","2,762,000,000","3,571,000,000","3,428,000,000","3,871,000,000","3,622,000,000","3,694,000,000","3,427,000,000","3,352,000,000","3,063,000,000","4,038,000,000","3,655,000,000","3,595,000,000","2,964,000,000","3,026,000,000","2,890,000,000","2,944,000,000","2,999,000,000","3,046,000,000","3,013,000,000","3,192,000,000","3,059,000,000","3,008,000,000","3,081,000,000","3,060,000,000","2,947,000,000","2,968,000,000","2,789,000,000","2,749,000,000","2,636,000,000","2,732,000,000","2,565,000,000","2,105,000,000","2,218,000,000","2,510,000,000","2,403,000,000","2,339,000,000","2,221,000,000","4,853,000,000","1,266,000,000","1,308,000,000","2,115,000,000","2,179,000,000","2,194,000,000","2,155,000,000","2,030,000,000","2,076,000,000","1,983,000,000","1,919,000,000","1,856,000,000","496,000,000","2,359,000,000","2,355,000,000","2,362,000,000","3,253,000,000","3,148,000,000","2,568,000,000","2,546,000,000","2,443,000,000","2,167,000,000","2,079,000,000","1,967,000,000","2,722,000,000","2,433,000,000","2,328,000,000","2,236,000,000",,,,,,,,,,,,,,,,,,
		GeneralAndAdministrativeExpense,"7,970,000,000","2,047,000,000","1,875,000,000","2,014,000,000","2,034,000,000","1,748,000,000","1,816,000,000","1,654,000,000","1,654,000,000","1,497,000,000","1,539,000,000","1,550,000,000","1,566,000,000","1,408,000,000","1,349,000,000","1,395,000,000","1,623,000,000","1,499,000,000","1,367,000,000","1,422,000,000","1,294,000,000","1,350,000,000","1,280,000,000","1,326,000,000","1,436,000,000","1,265,000,000","1,293,000,000","1,264,000,000","1,207,000,000","1,263,000,000","1,451,000,000","1,338,000,000","1,209,000,000","1,212,000,000","1,250,000,000","1,305,000,000","1,607,000,000","1,290,000,000","1,658,000,000","1,540,000,000","1,489,000,000","1,544,000,000","1,543,000,000","1,615,000,000","1,910,000,000","3,306,000,000","3,273,000,000","3,419,000,000","1,537,000,000","3,445,000,000","3,473,000,000","3,358,000,000","-2,805,000,000","2,850,000,000","1,412,000,000","1,422,000,000","1,196,000,000","1,261,000,000","1,476,000,000","1,357,000,000","1,660,000,000","1,465,000,000","1,495,000,000","2,021,000,000","1,388,000,000","1,366,000,000","1,331,000,000","1,280,000,000","-971,000,000","2,011,000,000","1,276,000,000","1,240,000,000","1,990,000,000","1,936,000,000","2,400,000,000","2,264,000,000","2,222,000,000","2,113,000,000","2,102,000,000","2,016,000,000","2,872,000,000","2,639,000,000","2,651,000,000","2,600,000,000","2,629,000,000","2,487,000,000","2,558,000,000","2,637,000,000","2,742,000,000","2,686,000,000","2,860,000,000","2,721,000,000","2,675,000,000","2,685,000,000","2,644,000,000","2,577,000,000","2,593,000,000","2,390,000,000","2,395,000,000","2,339,000,000","2,403,000,000","2,232,000,000","1,804,000,000","1,953,000,000","2,172,000,000","2,095,000,000","2,081,000,000","2,007,000,000","4,544,000,000","973,000,000","1,046,000,000","1,908,000,000","1,957,000,000","1,933,000,000","1,895,000,000","1,796,000,000","1,807,000,000","1,703,000,000","1,639,000,000","1,622,000,000","219,000,000","2,075,000,000","2,080,000,000","2,107,000,000","2,972,000,000","2,850,000,000","2,268,000,000","2,246,000,000","2,005,000,000","1,877,000,000","1,869,000,000","1,831,000,000","2,340,000,000","2,214,000,000","2,019,000,000","1,965,000,000",,,,,,,,,,,,,,,,,,
			SalariesAndWages,"7,970,000,000","2,047,000,000","1,875,000,000","2,014,000,000","2,034,000,000","1,748,000,000","1,816,000,000","1,654,000,000","1,654,000,000","1,497,000,000","1,539,000,000","1,550,000,000","1,566,000,000","1,408,000,000","1,349,000,000","1,395,000,000","1,623,000,000","1,499,000,000","1,367,000,000","1,422,000,000","1,294,000,000","1,350,000,000","1,280,000,000","1,326,000,000","1,436,000,000","1,265,000,000","1,293,000,000","1,264,000,000","1,207,000,000","1,263,000,000","1,451,000,000","1,338,000,000","1,209,000,000","1,212,000,000","1,250,000,000","1,305,000,000","1,607,000,000","1,290,000,000","1,658,000,000","1,540,000,000","1,489,000,000","1,544,000,000","1,543,000,000","1,615,000,000","1,910,000,000","1,516,000,000","1,536,000,000","1,635,000,000","1,537,000,000","1,598,000,000","1,595,000,000","1,522,000,000","1,570,000,000","1,354,000,000","1,315,000,000","1,327,000,000","1,196,000,000","1,261,000,000","1,370,000,000","1,253,000,000","1,660,000,000","1,465,000,000","1,495,000,000","2,021,000,000","1,388,000,000","1,366,000,000","1,331,000,000","1,280,000,000","1,225,000,000","1,213,000,000","1,276,000,000","1,240,000,000","1,177,000,000","1,197,000,000","2,092,000,000","1,993,000,000","1,945,000,000","1,796,000,000","1,839,000,000","1,779,000,000","1,708,000,000","1,559,000,000","1,576,000,000","1,490,000,000","1,379,000,000","1,414,000,000","1,454,000,000","1,478,000,000","1,412,000,000","1,540,000,000","1,650,000,000","1,668,000,000","1,665,000,000","1,657,000,000","1,677,000,000","1,635,000,000","1,581,000,000","1,526,000,000","1,499,000,000","1,431,000,000","1,472,000,000","1,385,000,000","1,304,000,000","1,219,000,000","1,228,000,000","1,190,000,000","2,081,000,000","1,127,000,000","3,716,000,000","212,000,000","195,000,000","1,022,000,000","1,039,000,000","1,010,000,000","1,006,000,000","984,000,000","1,018,000,000","958,000,000","914,000,000","885,000,000","-475,000,000","1,296,000,000","1,290,000,000","1,262,000,000","1,753,000,000","1,800,000,000","1,844,000,000","1,826,000,000","1,589,000,000","1,478,000,000","1,485,000,000","1,452,000,000","1,346,000,000","1,376,000,000","1,350,000,000","1,318,000,000",,,,,,,,,,,,,,,,,,
			InsuranceAndClaims,,,,,,,,,,,,,,,,,,,,,,,,,,,,,,,,,,,,,,,,,,,,,,,,,,,,,,,,,,,,,,,,,,,,,,"798,000,000",,,"813,000,000","739,000,000","308,000,000","271,000,000","277,000,000","317,000,000","263,000,000","237,000,000","1,164,000,000","1,080,000,000","1,075,000,000","1,110,000,000","1,250,000,000","1,073,000,000","1,104,000,000","1,159,000,000","1,330,000,000","1,146,000,000","1,210,000,000","1,053,000,000","1,010,000,000","1,028,000,000","967,000,000","942,000,000","1,012,000,000","864,000,000","896,000,000","908,000,000","931,000,000","847,000,000","500,000,000","734,000,000","944,000,000","905,000,000",,"880,000,000","828,000,000","761,000,000","851,000,000","886,000,000","918,000,000","923,000,000","889,000,000","812,000,000","789,000,000","745,000,000","725,000,000","737,000,000","694,000,000","779,000,000","790,000,000","845,000,000","1,219,000,000","1,050,000,000","424,000,000","420,000,000","416,000,000","399,000,000","384,000,000","379,000,000","994,000,000","838,000,000","669,000,000","647,000,000",,,,,,,,,,,,,,,,,,
			OtherGandA,,,,,,,,,,,"577,000,000","582,000,000",,,,,,,,,,,,,,,,"63,000,000","71,000,000","68,000,000","80,000,000","83,000,000","88,000,000","84,000,000","85,000,000","88,000,000","98,000,000","91,000,000","101,000,000","93,000,000","97,000,000","94,000,000","92,000,000","96,000,000","99,000,000","1,790,000,000","1,737,000,000","1,784,000,000",,"1,847,000,000","1,878,000,000","1,836,000,000",,"1,496,000,000","97,000,000","95,000,000",,,"106,000,000","104,000,000",,,,,,,,,,,,,,,,,,,,,,,,,,,,,,,,,,,,,,,,,,,,,,,,,,,,,,,,,,,,,,,,,,,,,,,,,,,,,,,,,,,,,,,,,,,,,,
		SellingAndMarketingExpense,"5,259,000,000","1,236,000,000","1,408,000,000","1,341,000,000","1,274,000,000","1,458,000,000","1,502,000,000","1,224,000,000","2,713,000,000","2,355,000,000","2,219,000,000","1,766,000,000","1,858,000,000","1,822,000,000","1,362,000,000","1,705,000,000","1,950,000,000","1,818,000,000","1,773,000,000","1,573,000,000","1,820,000,000","1,642,000,000","1,663,000,000","1,345,000,000","873,000,000","814,000,000","830,000,000","700,000,000","1,205,000,000","930,000,000","788,000,000","727,000,000","892,000,000","847,000,000","761,000,000","609,000,000","913,000,000","809,000,000","985,000,000","613,000,000","809,000,000","827,000,000","786,000,000","621,000,000","722,000,000","764,000,000","773,000,000","631,000,000","2,388,000,000","757,000,000","795,000,000","709,000,000","6,400,000,000","847,000,000","802,000,000","595,000,000","2,034,000,000","1,619,000,000","352,000,000","345,000,000","1,752,000,000","1,929,000,000","1,924,000,000","1,756,000,000","2,719,000,000","1,810,000,000","1,828,000,000","1,464,000,000","1,734,000,000","1,589,000,000","1,671,000,000","1,522,000,000","1,581,000,000","1,492,000,000","1,471,000,000","1,358,000,000","1,472,000,000","1,314,000,000","1,250,000,000","1,047,000,000","1,166,000,000","1,016,000,000","944,000,000","364,000,000","397,000,000","403,000,000","386,000,000","362,000,000","304,000,000","327,000,000","332,000,000","338,000,000","333,000,000","396,000,000","416,000,000","370,000,000","375,000,000","399,000,000","354,000,000","297,000,000","329,000,000","333,000,000","301,000,000","265,000,000","338,000,000","308,000,000","258,000,000","214,000,000","309,000,000","293,000,000","262,000,000","207,000,000","222,000,000","261,000,000","260,000,000","234,000,000","269,000,000","280,000,000","280,000,000","234,000,000","277,000,000","284,000,000","275,000,000","255,000,000","281,000,000","298,000,000","300,000,000","300,000,000","438,000,000","290,000,000","210,000,000","136,000,000","382,000,000","219,000,000","309,000,000","271,000,000",,,,,,,,,,,,,,,,,,
	OtherNonInterestExpense,"28,772,000,000","7,249,000,000","7,372,000,000","7,264,000,000","7,369,000,000","6,613,000,000","6,623,000,000","5,706,000,000","4,812,000,000","4,327,000,000","3,721,000,000","3,142,000,000","3,013,000,000","2,494,000,000","1,817,000,000","3,149,000,000","3,589,000,000","3,492,000,000","3,589,000,000","3,600,000,000","3,364,000,000","3,239,000,000","3,170,000,000","3,213,000,000","2,848,000,000","2,537,000,000","2,646,000,000","2,548,000,000","2,597,000,000","2,283,000,000","1,219,000,000","2,252,000,000","2,579,000,000","2,457,000,000","2,506,000,000","2,242,000,000","2,566,000,000","2,333,000,000","1,929,000,000","2,199,000,000","2,401,000,000","2,179,000,000","2,105,000,000","2,051,000,000","2,585,000,000","300,000,000","422,000,000","250,000,000","-469,000,000","286,000,000","92,000,000","78,000,000",,"251,000,000","1,382,000,000","1,449,000,000","68,000,000","465,000,000","1,271,000,000","1,000,000,000","-1,075,000,000","926,000,000","998,000,000","411,000,000","-3,421,000,000","1,978,000,000","2,152,000,000","1,094,000,000","-678,000,000","1,122,000,000","1,788,000,000","1,090,000,000","1,268,000,000","976,000,000","2,135,000,000","1,951,000,000","2,177,000,000","1,909,000,000","2,028,000,000","2,006,000,000","1,284,000,000","1,102,000,000","1,054,000,000","1,495,000,000","1,525,000,000","1,447,000,000","1,448,000,000","1,275,000,000","1,446,000,000","1,158,000,000","1,116,000,000","1,187,000,000","1,360,000,000","1,147,000,000","1,153,000,000","1,129,000,000","1,208,000,000","1,026,000,000","1,083,000,000","1,002,000,000","989,000,000","867,000,000","1,302,000,000","1,180,000,000","932,000,000","849,000,000","857,000,000","836,000,000","-1,984,000,000","1,619,000,000","1,492,000,000","623,000,000","719,000,000","708,000,000","653,000,000","672,000,000","651,000,000","629,000,000","612,000,000","601,000,000","-322,000,000","795,000,000","730,000,000","310,000,000","1,069,000,000","1,576,000,000","1,339,000,000","1,424,000,000","1,623,000,000","1,871,000,000","1,522,000,000","1,527,000,000","818,000,000","704,000,000","880,000,000","1,521,000,000",,,,,,,,,,,,,,,,,,
IncomefromAssociatesandOtherParticipatingInterests,,,,,,,,,,,,,,,,,,,,,,,,,,,,,,,,,"0","0","0",,"-11,000,000","15,000,000","626,000,000",,,,,,,,,,,,,,,,,,,,,,,,,,,,,,,,,,,,,,,,,,,,,,,,,,,,,,,,,,,,,,,,,,,,,,,,,,,,,,,,,,,,,,,,,,,,,,,,,,,,,,,,,,,,,,,,,,,
SpecialIncomeCharges,,,,,,,,,,,,,,,,,,,,,,,,,,"-155,000,000",,,"-451,000,000","-67,000,000","-232,000,000","-84,000,000","-419,000,000","-91,000,000","-83,000,000","-100,000,000","237,000,000","-96,000,000","-102,000,000",,,,,,"4,224,000,000","-1,536,000,000","-963,000,000",,,,,"-567,000,000","1,120,000,000","-251,000,000","-62,000,000","-561,000,000",,,,,,,,,,,,,,,,,,,,,,,,,"0","2,000,000",,,"-14,000,000","2,000,000","13,000,000","13,000,000","-279,000,000","-416,000,000",,,,,,,,,,,,,,,,,,,,,,,,,,,,,,,,,,,,,,,,,,,,,,,,,,,,,,,,,,,,,,,,
	RestructuringAndMergernAcquisition,,,,,,,,,,,,,,,,,,,,,,,,,,,,,,,"232,000,000","84,000,000",,,,,,,,,,,,,,,,,,,,,,,,,,,,,,,,,,,,,,,,,,,,,,,,,"0","-2,000,000",,,"14,000,000","-2,000,000","-6,000,000","-13,000,000","279,000,000","326,000,000",,,,,,,,,,,,,,,,,,,,,,,,,,,,,,,,,,,,,,,,,,,,,,,,,,,,,,,,,,,,,,,,
	ImpairmentOfCapitalAssets,,,,,,,,,,,,,,,,,,,,,,,,,,,,,,,,,"419,000,000","91,000,000",,,,,,,,,,,,,,,,,,,,,,,,,,,,,,,,,,,,,,,,,,,,,,,,,,,,,,,,,,,,,,,,,,,,,,,,,,,,,,,,,,,,,,,,,,,,,,,,,,,,,,,,,,,,,,,,,,,,,,,,
	WriteOff,,,,,,,,,,,,,,,,,,,,,,,,,,"155,000,000",,,,,,,,,,,,,,,,,,,,,,,,,,,,,,,,,,,,,,,,,,,,,,,,,,,,,,,,,,,,,,,,,,,,,,,,,,,,,,,,,,,,,,,,,,,,,,,,,,,,,,,,,,,,,,,,,,,,,,,,,,,,,,,,
	OtherSpecialCharges,,,,,,,,,,,,,,,,,,,,,,,,,,,,,"41,000,000","67,000,000","57,000,000","58,000,000","125,000,000","64,000,000","83,000,000","100,000,000","87,000,000","96,000,000","102,000,000",,,,,,,"1,536,000,000","963,000,000",,,,,"567,000,000","-1,247,000,000","251,000,000","62,000,000","561,000,000",,,,,,,,,,,,,,,,,,,,,,,,,,,,,"0",,"-7,000,000",,"0","90,000,000",,,,,,,,,,,,,,,,,,,,,,,,,,,,,,,,,,,,,,,,,,,,,,,,,,,,,,,,,,,,,,,,
PretaxIncome,"9,872,000,000","3,100,000,000","2,734,000,000","2,167,000,000","1,871,000,000","2,459,000,000","2,543,000,000","2,712,000,000","2,306,000,000","2,450,000,000","2,940,000,000","2,993,000,000","1,858,000,000","1,364,000,000","622,000,000","452,000,000","1,986,000,000","2,266,000,000","2,219,000,000","1,958,000,000","1,831,000,000","2,118,000,000","2,091,000,000","2,082,000,000","1,821,000,000","1,827,000,000","1,949,000,000","1,817,000,000","1,161,000,000","1,735,000,000","3,016,000,000","2,184,000,000","1,454,000,000","1,938,000,000","2,230,000,000","2,316,000,000","2,225,000,000","2,246,000,000","2,312,000,000","2,208,000,000","1,980,000,000","2,004,000,000","1,995,000,000","1,909,000,000","929,000,000","1,870,000,000","1,879,000,000","1,773,000,000","1,748,000,000","1,711,000,000","1,765,000,000","1,732,000,000","1,477,000,000","1,640,000,000","1,595,000,000","1,252,000,000","961,000,000","918,000,000","418,000,000","544,000,000","268,000,000","1,078,000,000","766,000,000","1,354,000,000","1,129,000,000","1,417,000,000","1,440,000,000","1,594,000,000","1,223,000,000","1,338,000,000","1,442,000,000","1,325,000,000","959,000,000","1,080,000,000","1,319,000,000","1,375,000,000","1,183,000,000","1,254,000,000","1,266,000,000","1,248,000,000","1,090,000,000","1,064,000,000","1,097,000,000","996,000,000","949,000,000","959,000,000","961,000,000","858,000,000","348,000,000","354,000,000","153,000,000","741,000,000","913,000,000","1,029,000,000","1,046,000,000","920,000,000","845,000,000","907,000,000","895,000,000","791,000,000","713,000,000","799,000,000","800,000,000","614,000,000","690,000,000","718,000,000","702,000,000","640,000,000","843,000,000","621,000,000","636,000,000","565,000,000","542,000,000","571,000,000","572,000,000","498,000,000","475,000,000","498,000,000","478,000,000","440,000,000","303,000,000","584,000,000","621,000,000","818,200,000","118,000,000","-297,000,000","580,000,000","373,000,000","167,000,000","-51,000,000","310,000,000","333,200,000","136,000,000","450,000,000","446,000,000","-307,000,000",,,,,,,,,,,,,,,,,,
TaxProvision,"1,859,000,000","649,000,000","560,000,000","351,000,000","299,000,000","580,000,000","579,000,000","613,000,000","587,000,000","624,000,000","660,000,000","758,000,000","420,000,000","291,000,000","365,000,000","85,000,000","293,000,000","511,000,000","458,000,000","408,000,000","-179,000,000","464,000,000","468,000,000","448,000,000","3,018,000,000","471,000,000","609,000,000","580,000,000","336,000,000","593,000,000","1,001,000,000","758,000,000","555,000,000","672,000,000","757,000,000","791,000,000","778,000,000","769,000,000","783,000,000","776,000,000","672,000,000","638,000,000","590,000,000","629,000,000","292,000,000","620,000,000","540,000,000","517,000,000","556,000,000","476,000,000","470,000,000","555,000,000","415,000,000","547,000,000","578,000,000","367,000,000","251,000,000","276,000,000","76,000,000","101,000,000","-38,000,000","217,000,000","111,000,000","380,000,000","290,000,000","343,000,000","378,000,000","529,000,000","298,000,000","382,000,000","470,000,000","449,000,000","208,000,000","215,000,000","306,000,000","429,000,000","287,000,000","375,000,000","390,000,000","383,000,000","314,000,000","294,000,000","335,000,000","304,000,000","266,000,000","272,000,000","278,000,000","240,000,000","51,000,000","56,000,000","-25,000,000","203,000,000","236,000,000","292,000,000","306,000,000","264,000,000","239,000,000","259,000,000","249,000,000","216,000,000","183,000,000","225,000,000","222,000,000","154,000,000","197,000,000","194,000,000","182,000,000","186,000,000","249,000,000","163,000,000","184,000,000","169,000,000","157,000,000","155,000,000","162,000,000","145,000,000","140,000,000","129,000,000","119,000,000","123,000,000","-223,000,000","164,000,000","205,000,000","575,000,000","36,000,000","-92,000,000","270,000,000","124,000,000","-71,000,000","-82,000,000","54,000,000","69,000,000","-1,000,000","106,000,000","126,000,000","156,000,000",,,,,,,,,,,,,,,,,,
NetIncomeCommonStockholders,"7,894,000,000","2,418,000,000","2,142,000,000","1,788,000,000","1,546,000,000","1,851,000,000","1,934,000,000","2,069,000,000","1,679,000,000","1,783,000,000","2,249,000,000","2,206,000,000","1,415,000,000","1,050,000,000","238,000,000","333,000,000","1,661,000,000","1,723,000,000","1,729,000,000","1,518,000,000","1,975,000,000","1,621,000,000","1,591,000,000","1,600,000,000","-1,219,000,000","1,324,000,000","1,310,000,000","1,206,000,000","800,000,000","1,112,000,000","1,979,000,000","1,394,000,000","873,000,000","1,234,000,000","1,442,000,000","1,514,000,000","1,436,000,000","1,466,000,000","1,517,000,000","1,420,000,000","1,297,000,000","1,354,000,000","1,392,000,000","1,269,000,000","630,000,000","1,236,000,000","1,325,000,000","1,242,000,000","1,134,000,000","1,220,000,000","1,316,000,000","1,163,000,000","1,049,000,000","1,080,000,000","1,004,000,000","873,000,000","388,000,000","640,000,000","102,000,000","361,000,000","240,000,000","815,000,000","653,000,000","991,000,000","831,000,000","1,067,000,000","1,057,000,000","1,057,000,000","922,000,000","967,000,000","945,000,000","873,000,000","745,000,000","1,030,000,000","1,013,000,000","946,000,000","896,000,000","879,000,000","876,000,000","794,000,000","763,000,000","770,000,000","762,000,000","692,000,000","683,000,000","687,000,000","683,000,000","618,000,000","297,000,000","298,000,000","178,000,000","538,000,000","677,000,000","737,000,000","740,000,000","656,000,000","606,000,000","648,000,000","646,000,000","575,000,000","530,000,000","574,000,000","578,000,000","460,000,000","493,000,000","524,000,000","520,000,000","454,000,000","594,000,000","458,000,000","452,000,000","390,000,000","370,000,000","416,000,000","410,000,000","353,000,000","303,000,000","369,000,000","357,000,000","337,000,000","357,000,000","420,000,000","416,000,000","243,200,000","38,500,000","-205,000,000","310,000,000","465,000,000","198,000,000","31,000,000","256,000,000","264,200,000","102,000,000","344,000,000","320,000,000","-620,000,000",,,,,,,,,,,,,,,,,,
	NetIncome,"8,013,000,000","2,451,000,000","2,174,000,000","1,816,000,000","1,572,000,000","1,879,000,000","1,964,000,000","2,099,000,000","1,719,000,000","1,826,000,000","2,280,000,000","2,235,000,000","1,438,000,000","1,073,000,000","257,000,000","367,000,000","1,693,000,000","1,755,000,000","1,761,000,000","1,550,000,000","2,010,000,000","1,654,000,000","1,623,000,000","1,634,000,000","-1,197,000,000","1,356,000,000","1,340,000,000","1,237,000,000","825,000,000","1,142,000,000","2,015,000,000","1,426,000,000","899,000,000","1,266,000,000","1,473,000,000","1,525,000,000","1,447,000,000","1,477,000,000","1,529,000,000","1,432,000,000","1,308,000,000","1,366,000,000","1,405,000,000","1,280,000,000","637,000,000","1,250,000,000","1,339,000,000","1,256,000,000","1,192,000,000","1,235,000,000","1,331,000,000","1,177,000,000","1,062,000,000","1,093,000,000","1,017,000,000","885,000,000","716,000,000","640,000,000","337,000,000","437,000,000","240,000,000","815,000,000","653,000,000","991,000,000","831,000,000","1,067,000,000","1,057,000,000","1,057,000,000","922,000,000","967,000,000","945,000,000","873,000,000","745,000,000","1,030,000,000","1,013,000,000","946,000,000","896,000,000","879,000,000","876,000,000","794,000,000","763,000,000","770,000,000","762,000,000","692,000,000","683,000,000","687,000,000","683,000,000","618,000,000","297,000,000","298,000,000","178,000,000","538,000,000","677,000,000","737,000,000","740,000,000","656,000,000","606,000,000","648,000,000","646,000,000","575,000,000","530,000,000","574,000,000","578,000,000","460,000,000","493,000,000","524,000,000","520,000,000","454,000,000","594,000,000","458,000,000","452,000,000","396,000,000","385,000,000","416,000,000","410,000,000","353,000,000","335,000,000","369,000,000","357,000,000","353,000,000","399,000,000","420,000,000","416,000,000","243,200,000","81,500,000","-205,000,000","310,000,000","465,000,000","238,000,000","31,000,000","256,000,000","264,200,000","137,000,000","344,000,000","320,000,000","-620,000,000",,,,,,,,,,,,,,,,,,
		NetIncomeIncludingNoncontrollingInterests,"8,013,000,000","2,451,000,000","2,174,000,000","1,816,000,000","1,572,000,000","1,879,000,000","1,964,000,000","2,099,000,000","1,719,000,000","1,826,000,000","2,280,000,000","2,235,000,000","1,438,000,000","1,073,000,000","257,000,000","367,000,000","1,693,000,000","1,755,000,000","1,761,000,000","1,550,000,000","2,010,000,000","1,654,000,000","1,623,000,000","1,634,000,000","-1,197,000,000","1,356,000,000","1,340,000,000","1,237,000,000","825,000,000","1,142,000,000","2,015,000,000","1,426,000,000","899,000,000","1,266,000,000","1,473,000,000","1,525,000,000","1,447,000,000","1,477,000,000","1,529,000,000","1,432,000,000","1,308,000,000","1,366,000,000","1,405,000,000","1,280,000,000","637,000,000","1,250,000,000","1,339,000,000","1,256,000,000","1,192,000,000","1,235,000,000","1,331,000,000","1,177,000,000","1,062,000,000","1,093,000,000","1,017,000,000","885,000,000","716,000,000","640,000,000","337,000,000","437,000,000","240,000,000","815,000,000","653,000,000","991,000,000","831,000,000","1,067,000,000","1,057,000,000","1,057,000,000","922,000,000","967,000,000","945,000,000","873,000,000","745,000,000","1,030,000,000","1,013,000,000","946,000,000","896,000,000","879,000,000","876,000,000","794,000,000","763,000,000","770,000,000","762,000,000","692,000,000","683,000,000","687,000,000","683,000,000","618,000,000","297,000,000","298,000,000","178,000,000","538,000,000","677,000,000","737,000,000","740,000,000","656,000,000","606,000,000","648,000,000","646,000,000","575,000,000","530,000,000","574,000,000","578,000,000","460,000,000","493,000,000","524,000,000","520,000,000","454,000,000","594,000,000","458,000,000","452,000,000","396,000,000","385,000,000","416,000,000","410,000,000","353,000,000","335,000,000","369,000,000","357,000,000","353,000,000","399,000,000","420,000,000","416,000,000","243,200,000","81,500,000","-205,000,000","310,000,000","465,000,000","238,000,000","31,000,000","256,000,000","264,200,000","137,000,000","344,000,000","320,000,000","-620,000,000","257,000,000","332,000,000","316,000,000","252,000,000","240,000,000","276,000,000","270,000,000","252,000,000","-104,000,000","324,000,000","-1,000,000","314,000,000","181,000,000","359,000,000","293,000,000","277,000,000","273,000,000","245,000,000"
			NetIncomeContinuousOperations,"8,013,000,000","2,451,000,000","2,174,000,000","1,816,000,000","1,572,000,000","1,879,000,000","1,964,000,000","2,099,000,000","1,719,000,000","1,826,000,000","2,280,000,000","2,235,000,000","1,438,000,000","1,073,000,000","257,000,000","367,000,000","1,693,000,000","1,755,000,000","1,761,000,000","1,550,000,000","2,010,000,000","1,654,000,000","1,623,000,000","1,634,000,000","-1,197,000,000","1,356,000,000","1,340,000,000","1,237,000,000","825,000,000","1,142,000,000","2,015,000,000","1,426,000,000","899,000,000","1,266,000,000","1,473,000,000","1,525,000,000","1,447,000,000","1,477,000,000","1,529,000,000","1,432,000,000","1,308,000,000","1,366,000,000","1,405,000,000","1,280,000,000","637,000,000","1,250,000,000","1,339,000,000","1,256,000,000","1,192,000,000","1,235,000,000","1,295,000,000","1,177,000,000","1,062,000,000","1,093,000,000","1,017,000,000","885,000,000","710,000,000","642,000,000","342,000,000","443,000,000","306,000,000","861,000,000","655,000,000","974,000,000","839,000,000","1,074,000,000","1,062,000,000","1,065,000,000","925,000,000","956,000,000","972,000,000","876,000,000","751,000,000","865,000,000","1,013,000,000","946,000,000","896,000,000","879,000,000","876,000,000","865,000,000","776,000,000","770,000,000","762,000,000","692,000,000","683,000,000","687,000,000","683,000,000","618,000,000","297,000,000","298,000,000","178,000,000","538,000,000","677,000,000","737,000,000","740,000,000","656,000,000","606,000,000","648,000,000","646,000,000","575,000,000","530,000,000","574,000,000","578,000,000","460,000,000","493,000,000","524,000,000","520,000,000","454,000,000","594,000,000","458,000,000","452,000,000","396,000,000","385,000,000","416,000,000","410,000,000","353,000,000","335,000,000","369,000,000","359,000,000","317,000,000","526,000,000","420,000,000","416,000,000","243,200,000","82,000,000","-205,000,000","310,000,000","249,000,000","238,000,000","31,000,000","256,000,000","264,200,000","137,000,000","344,000,000","320,000,000","-463,000,000","257,000,000","332,000,000","316,000,000","252,000,000","221,000,000","264,000,000","260,000,000","243,000,000","-104,000,000","324,000,000","-1,000,000","314,000,000","181,000,000","359,000,000","293,000,000","277,000,000","273,000,000","245,000,000"
			NetIncomeDiscontinuousOperations,,,,,,,,,,,,,,,,,,,,,,,,,,,,,,,,,,,,,,,,,,,,,"0","0","0",,"0","0","36,000,000",,,"0","0","0","6,000,000","-2,000,000","-5,000,000","-6,000,000","-66,000,000","-46,000,000","-2,000,000","17,000,000","-8,000,000","-7,000,000","-5,000,000","-8,000,000","-3,000,000","11,000,000","-27,000,000","-3,000,000","-6,000,000","165,000,000",,,,,,,,,,,,,,,,,,,,,,,,,,,,,,,,,,,,,,,,,,,"0",,"-2,000,000","36,000,000",,,,,,,,,,,,,,,,,,,,,"19,000,000","12,000,000","10,000,000","9,000,000",,,,,,,,,,
			NetIncomeExtraordinary,,,,,,,,,,,,,,,,,,,,,,,,,,,,,,,,,,,,,,,,,,,,,,,,,,,,,,,,,,,,,,,,,,,,,,,,,,,,,"0",,,"-71,000,000",,,,,,,,,,,,,,,,,,,,,,,,,,,,,,,,,,,,,,,,,,,,,"-500,000",,,"216,000,000",,,,,"0",,,"-157,000,000",,,,,,,,,,,,,,,,,,
	PreferredStockDividends,"57,000,000","14,000,000","15,000,000","14,000,000","14,000,000","14,000,000","15,000,000","14,000,000","22,000,000","20,000,000","15,000,000","14,000,000","14,000,000","16,000,000","17,000,000","32,000,000","20,000,000","21,000,000","19,000,000","21,000,000","19,000,000","20,000,000","20,000,000","21,000,000","20,000,000","21,000,000","19,000,000","21,000,000","19,000,000","21,000,000","19,000,000","21,000,000","20,000,000","22,000,000","20,000,000",,,,,,,,,,,"14,000,000","14,000,000",,,"15,000,000","15,000,000",,,,,,,,,,,,,,,,,,,,,,,,,,,,,,,,,,,,,,,,,,,,,,,,,,,,,,,,,,"0",,,"6,000,000",,,,,,,,"16,000,000",,,,,,,,,,,,,,,,,,,,,,,,,,,,,,,,,,
DilutedNIAvailtoComStockholders,"7,894,000,000","2,418,000,000","2,142,000,000","1,788,000,000","1,546,000,000","1,851,000,000","1,934,000,000","2,069,000,000","1,679,000,000","1,783,000,000","2,249,000,000","2,206,000,000","1,415,000,000","1,050,000,000","238,000,000","333,000,000","1,661,000,000","1,723,000,000","1,729,000,000","1,518,000,000","1,975,000,000","1,621,000,000","1,591,000,000","1,600,000,000","-1,219,000,000","1,324,000,000","1,310,000,000","1,206,000,000","800,000,000","1,112,000,000","1,979,000,000","1,394,000,000","873,000,000","1,234,000,000","1,442,000,000","1,514,000,000","1,436,000,000","1,466,000,000","1,517,000,000","1,420,000,000","1,297,000,000","1,354,000,000","1,392,000,000","1,269,000,000","630,000,000","1,236,000,000","1,325,000,000","1,242,000,000","1,134,000,000","1,220,000,000","1,316,000,000","1,163,000,000","1,049,000,000","1,080,000,000","1,004,000,000","873,000,000","388,000,000","640,000,000","102,000,000","361,000,000","240,000,000","815,000,000","653,000,000","991,000,000","831,000,000","1,067,000,000","1,057,000,000","1,057,000,000","922,000,000","967,000,000","945,000,000","873,000,000","745,000,000","1,030,000,000","1,013,000,000","946,000,000","896,000,000","879,000,000","876,000,000","794,000,000","763,000,000","770,000,000","762,000,000","692,000,000","683,000,000","687,000,000","683,000,000","618,000,000","297,000,000","298,000,000","178,000,000","538,000,000","677,000,000","737,000,000","740,000,000","656,000,000","606,000,000","648,000,000","646,000,000","575,000,000","530,000,000","574,000,000","578,000,000","460,000,000","493,000,000","524,000,000","520,000,000","454,000,000","594,000,000","458,000,000","452,000,000","390,000,000","370,000,000","416,000,000","410,000,000","353,000,000","303,000,000","369,000,000","357,000,000","337,000,000","357,000,000","420,000,000","416,000,000","243,200,000","38,500,000","-205,000,000","310,000,000","465,000,000","198,000,000","31,000,000","256,000,000","264,200,000","102,000,000","344,000,000","320,000,000","-620,000,000",,,,,,,,,,,,,,,,,,
BasicEPS,,"3.3","2.89","2.41","2.08","2.47","2.57","2.73","2.19","2.27","2.81","2.74","1.76","1.31","0.29","0.41","2.04","2.09","2.07","1.81","2.33","1.89","1.85","1.86","-1.41","1.51","1.47","1.34","0.88","1.21","2.11","1.45","0.89","1.24","1.43","1.49","1.4","1.41","1.44","1.34","1.22","1.26","1.28","1.15","0.57","1.1","1.16","1.07","1.02","1.04","1.11","0.98","0.88","0.91","0.835","0.74","0.6","0.54","0.09","0.31","0.21","0.7","0.56","0.85","0.7","0.91","0.9","0.89","0.77","0.8","0.78","0.71","0.61","0.84","0.82","0.76","0.72","0.7","0.69","0.62","0.6","0.6","0.59","0.53","0.52","0.52","0.52","0.47","0.22","0.23","0.13","0.41","0.51","0.56","0.56","0.49","0.457","0.48","0.48","0.43","0.39","0.42","0.42","0.33","0.36","0.38","0.37","0.32","0.38","0.33","0.32","0.27","0.257","0.28","0.27","0.23","0.227","0.24","0.23","0.23","0.243","0.28","0.28","0.16","0.05","-0.15","0.21","0.32","0.16","0.02","0.18","0.18","0.09","0.25","0.24","-0.5","0.2","0.26","0.24","0.2","0.18","0.21","0.21","0.2","-0.08","0.25","-0.01","0.24","0.13","0.27","0.22","0.21","0.2","0.18"
DilutedEPS,,"3.3","2.89","2.4","2.07","2.47","2.57","2.73","2.18","2.27","2.8","2.74","1.76","1.3","0.29","0.41","2.03","2.08","2.07","1.8","2.32","1.88","1.84","1.86","-1.41","1.5","1.47","1.34","0.88","1.2","2.1","1.45","0.89","1.24","1.42","1.48","1.39","1.4","1.43","1.33","1.21","1.25","1.27","1.15","0.56","1.09","1.15","1.07","1.01","1.03","1.1","0.97","0.88","0.9","0.835","0.73","0.6","0.53","0.09","0.31","0.21","0.7","0.56","0.85","0.69","0.9","0.88","0.87","0.75","0.79","0.76","0.69","0.59","0.82","0.81","0.75","0.7","0.69","0.68","0.61","0.59","0.59","0.59","0.53","0.52","0.52","0.51","0.46","0.22","0.22","0.13","0.4","0.5","0.54","0.54","0.48","0.447","0.47","0.47","0.42","0.383","0.42","0.41","0.33","0.343","0.37","0.36","0.31","0.38","0.32","0.31","0.27","0.257","0.28","0.27","0.23","0.227","0.24","0.23","0.23","0.243","0.28","0.28","0.16","0.05","-0.15","0.21","0.32","0.16","0.02","0.18","0.18","0.09","0.25","0.24","-0.5","0.2","0.26","0.24","0.2","0.18","0.21","0.21","0.2","-0.08","0.25","-0.01","0.24","0.13","0.27","0.22","0.21","0.2","0.18"
BasicAverageShares,,"732,000,000","740,000,000","743,000,000","745,000,000","748,000,000","752,000,000","757,000,000","768,000,000","786,000,000","801,000,000","804,000,000","805,000,000","804,000,000","804,000,000","807,000,000","814,000,000","825,000,000","834,000,000","841,000,000","850,000,000","858,000,000","860,000,000","859,000,000","865,000,000","878,000,000","890,000,000","899,000,000","910,000,000","920,000,000","938,000,000","961,000,000","977,000,000","994,000,000","1,009,000,000","1,019,000,000","1,028,000,000","1,041,000,000","1,052,000,000","1,060,000,000","1,067,000,000","1,074,000,000","1,090,000,000","1,099,000,000","1,110,000,000","1,126,000,000","1,145,000,000","1,160,000,000","1,160,000,000","1,175,000,000","1,190,000,000","1,192,000,000","1,185,000,000","1,193,000,000","1,185,000,000","1,185,000,000","1,180,000,000","1,178,000,000","1,162,000,000","1,156,000,000","1,154,000,000","1,154,000,000","1,154,000,000","1,153,000,000","1,155,000,000","1,170,000,000","1,179,000,000","1,187,000,000","1,197,000,000","1,202,000,000","1,217,000,000","1,232,000,000","1,233,000,000","1,229,000,000","1,231,000,000","1,239,000,000","1,244,000,000","1,251,000,000","1,263,000,000","1,277,000,000","1,275,000,000","1,278,000,000","1,283,000,000","1,297,000,000","1,308,000,000","1,323,000,000","1,325,000,000","1,325,000,000","1,327,000,000","1,324,000,000","1,321,000,000","1,323,000,000","1,324,000,000","1,326,000,000","1,328,000,000","1,331,000,000","1,336,974,000","1,339,339,000","1,343,544,000","1,344,444,000","1,338,090,000","1,356,156,000","1,370,270,000","1,383,483,000","1,247,280,000","1,433,033,000","1,439,940,000","1,447,748,000","1,443,417,000","1,447,147,000","1,462,462,000","1,473,273,000","1,476,630,000","1,491,039,000","1,499,306,000","1,509,273,000","1,425,531,818","1,539,276,000","1,535,384,000","1,521,709,000","1,470,954,955","1,500,000,000","1,485,714,286","1,520,000,000","1,020,000,000","1,366,666,667","1,476,190,476","1,453,125,000","1,185,262,621","1,550,000,000","1,422,222,222","1,467,777,778","1,709,090,909","1,376,000,000","1,333,333,333","1,240,000,000","1,255,009,009","1,255,135,135","1,254,564,565","1,254,477,477","1,251,615,616","1,252,501,502","1,250,462,462","1,270,513,514","1,263,669,670","1,281,765,766","1,292,960,961","1,292,960,961","1,292,960,961","1,316,840,841","1,330,420,420","1,333,879,880","1,333,879,880","1,331,297,297"
DilutedAverageShares,,"733,000,000","741,000,000","744,000,000","746,000,000","749,000,000","753,000,000","758,000,000","769,000,000","787,000,000","802,000,000","805,000,000","806,000,000","805,000,000","805,000,000","808,000,000","816,000,000","827,000,000","836,000,000","843,000,000","852,000,000","860,000,000","862,000,000","861,000,000","865,000,000","881,000,000","893,000,000","903,000,000","913,000,000","923,000,000","941,000,000","963,000,000","981,000,000","997,000,000","1,013,000,000","1,023,000,000","1,033,000,000","1,047,000,000","1,058,000,000","1,067,000,000","1,073,000,000","1,081,000,000","1,097,000,000","1,106,000,000","1,116,000,000","1,132,000,000","1,152,000,000","1,166,000,000","1,163,000,000","1,181,000,000","1,197,000,000","1,198,000,000","1,195,000,000","1,199,000,000","1,197,000,000","1,191,000,000","1,186,000,000","1,181,000,000","1,165,000,000","1,156,000,000","1,154,000,000","1,158,000,000","1,163,000,000","1,163,000,000","1,166,000,000","1,192,000,000","1,203,000,000","1,210,000,000","1,226,000,000","1,227,000,000","1,242,000,000","1,258,000,000","1,261,000,000","1,254,000,000","1,254,000,000","1,264,000,000","1,273,000,000","1,275,000,000","1,288,000,000","1,305,000,000","1,298,000,000","1,297,000,000","1,295,000,000","1,305,000,000","1,318,000,000","1,330,000,000","1,341,000,000","1,335,000,000","1,330,000,000","1,335,000,000","1,336,000,000","1,344,000,000","1,357,000,000","1,361,000,000","1,361,000,000","1,362,000,000","1,360,287,000","1,370,571,000","1,372,673,000","1,369,970,000","1,367,712,000","1,380,180,000","1,397,297,000","1,383,483,000","1,427,280,000","1,433,033,000","1,439,940,000","1,447,748,000","1,461,261,000","1,447,147,000","1,462,462,000","1,473,273,000","1,499,790,000","1,491,039,000","1,499,306,000","1,509,273,000","1,533,550,000","1,539,276,000","1,535,384,000","1,521,709,000","1,470,954,955","1,500,000,000","1,485,714,286","1,520,000,000","1,020,000,000","1,366,666,667","1,476,190,476","1,453,125,000","1,185,262,621","1,550,000,000","1,422,222,222","1,467,777,778","1,709,090,909","1,376,000,000","1,333,333,333","1,240,000,000","1,255,009,009","1,255,135,135","1,254,564,565","1,254,477,477","1,251,615,616","1,252,501,502","1,250,462,462","1,270,513,514","1,263,669,670","1,281,765,766","1,292,960,961","1,292,960,961","1,292,960,961","1,316,840,841","1,330,420,420","1,333,879,880","1,333,879,880","1,331,297,297"
InterestIncomeAfterProvisionForLoanLoss,"7,775,000,000","2,209,000,000","1,907,000,000","1,928,000,000","1,731,000,000","1,800,000,000","1,950,000,000","2,232,000,000","2,055,000,000","2,185,000,000","2,424,000,000","2,505,000,000","2,008,000,000","1,209,000,000","329,000,000","-291,000,000","1,260,000,000","1,324,000,000","1,213,000,000","1,250,000,000","1,078,000,000","1,144,000,000","1,023,000,000","1,066,000,000","903,000,000","906,000,000","946,000,000","927,000,000","783,000,000","830,000,000","986,000,000","1,146,000,000","975,000,000","976,000,000","956,000,000","1,027,000,000","842,000,000","907,000,000","827,000,000","852,000,000","791,000,000","791,000,000","609,000,000","746,000,000","555,000,000","702,000,000","660,000,000","721,000,000","768,000,000","930,000,000","794,000,000","1,037,000,000","951,000,000","811,000,000","536,000,000","364,000,000","152,000,000","-424,000,000","-843,000,000","-884,000,000","264,000,000","-452,000,000","-935,000,000","-284,000,000","-1,928,000,000","882,000,000","1,003,000,000","32,000,000","-672,000,000","-60,000,000","-34,000,000","-534,000,000","30,000,000","8,000,000","571,000,000","584,000,000","588,000,000","550,000,000","575,000,000","538,000,000","581,000,000","491,000,000","549,000,000","537,000,000","546,000,000","495,000,000","381,000,000","487,000,000","435,000,000","351,000,000","-400,000,000","250,000,000","443,000,000","506,000,000","491,000,000","497,000,000","602,000,000","542,000,000","589,000,000","561,000,000","587,000,000","546,000,000","561,000,000","584,000,000","544,000,000","568,000,000","557,000,000","581,000,000","564,000,000","527,000,000","535,000,000","547,000,000","821,000,000","856,000,000","816,000,000","796,000,000","772,000,000","795,000,000","761,000,000","781,000,000","433,000,000","932,000,000","919,000,000","855,000,000","959,000,000","1,011,000,000","901,000,000","861,000,000","840,000,000","851,000,000","795,000,000","752,000,000","659,000,000","625,000,000","579,000,000","581,000,000",,,,,,,,,,,,,,,,,,
NetIncomeFromContinuingAndDiscontinuedOperation,"8,013,000,000","2,451,000,000","2,174,000,000","1,816,000,000","1,572,000,000","1,879,000,000","1,964,000,000","2,099,000,000","1,719,000,000","1,826,000,000","2,280,000,000","2,235,000,000","1,438,000,000","1,073,000,000","257,000,000","367,000,000","1,693,000,000","1,755,000,000","1,761,000,000","1,550,000,000","2,010,000,000","1,654,000,000","1,623,000,000","1,634,000,000","-1,197,000,000","1,356,000,000","1,340,000,000","1,237,000,000","825,000,000","1,142,000,000","2,015,000,000","1,426,000,000","899,000,000","1,266,000,000","1,473,000,000","1,525,000,000","1,447,000,000","1,477,000,000","1,529,000,000","1,432,000,000","1,308,000,000","1,366,000,000","1,405,000,000","1,280,000,000","637,000,000","1,250,000,000","1,339,000,000","1,256,000,000","1,192,000,000","1,235,000,000","1,331,000,000","1,177,000,000","1,062,000,000","1,093,000,000","1,017,000,000","885,000,000","716,000,000","640,000,000","337,000,000","437,000,000","240,000,000","815,000,000","653,000,000","991,000,000","831,000,000","1,067,000,000","1,057,000,000","1,057,000,000","922,000,000","967,000,000","945,000,000","873,000,000","745,000,000","1,030,000,000","1,013,000,000","946,000,000","896,000,000","879,000,000","876,000,000","865,000,000","776,000,000","770,000,000","762,000,000","692,000,000","683,000,000","687,000,000","683,000,000","618,000,000","297,000,000","298,000,000","178,000,000","538,000,000","677,000,000","737,000,000","740,000,000","656,000,000","606,000,000","648,000,000","646,000,000","575,000,000","530,000,000","574,000,000","578,000,000","460,000,000","493,000,000","524,000,000","520,000,000","454,000,000","594,000,000","458,000,000","452,000,000","396,000,000","385,000,000","416,000,000","410,000,000","353,000,000","335,000,000","369,000,000","357,000,000","353,000,000","399,000,000","420,000,000","416,000,000","243,200,000","82,000,000","-205,000,000","310,000,000","249,000,000","238,000,000","31,000,000","256,000,000","264,200,000","137,000,000","344,000,000","320,000,000","-463,000,000",,,,,,,,,,,,,,,,,,
NormalizedIncome,"8,128,259,927.066","2,451,000,000","2,174,000,000","1,816,000,000","1,572,000,000","1,879,000,000","1,964,000,000","2,099,000,000","1,719,000,000","1,826,000,000","2,280,000,000","2,235,000,000","1,438,000,000","1,073,000,000","257,000,000","367,000,000","1,693,000,000","1,755,000,000","1,761,000,000","1,550,000,000","2,010,000,000","1,654,000,000","1,623,000,000","1,634,000,000","-1,197,000,000","1,471,010,000","1,340,000,000","1,237,000,000","825,000,000","1,142,000,000","2,169,976,000","1,480,852,000","1,157,942,000","1,266,000,000","1,473,000,000","1,525,000,000","1,447,000,000","1,477,000,000","1,529,000,000","1,432,000,000","1,308,000,000","1,366,000,000","1,405,000,000","1,280,000,000","637,000,000","1,250,000,000","1,339,000,000","1,256,000,000","1,192,000,000","1,235,000,000","1,295,000,000","1,177,000,000","256,691,943.128","1,093,000,000","1,017,000,000","885,000,000","710,000,000","642,000,000","342,000,000","443,000,000","306,000,000","861,000,000","655,000,000","974,000,000","839,000,000","1,074,000,000","1,062,000,000","1,065,000,000","925,000,000","956,000,000","972,000,000","876,000,000","751,000,000","865,000,000","1,013,000,000","946,000,000","896,000,000","879,000,000","876,000,000","865,000,000","776,000,000","768,552,631.579","762,000,000","692,000,000","693,075,869.336","685,567,257.56","673,760,665.973","608,636,363.636","535,112,068.966","648,192,090.395","178,000,000","538,000,000","677,000,000","737,000,000","740,000,000","656,000,000","606,000,000","648,000,000","646,000,000","575,000,000","530,000,000","574,000,000","578,000,000","460,000,000","493,000,000","524,000,000","520,000,000","454,000,000","594,000,000","458,000,000","452,000,000","396,000,000","385,000,000","416,000,000","410,000,000","353,000,000","335,000,000","369,000,000","359,000,000","317,000,000","526,000,000","420,000,000","416,000,000","243,200,000","82,000,000","-205,000,000","310,000,000","249,000,000","238,000,000","31,000,000","256,000,000","264,200,000","137,000,000","344,000,000","320,000,000","-463,000,000",,,,,,,,,,,,,,,,,,
TotalMoneyMarketInvestments,"1,855,000,000","572,000,000","528,000,000","447,000,000","308,000,000","183,000,000","70,000,000","34,000,000","27,000,000","27,000,000","22,000,000","24,000,000","22,000,000","25,000,000","31,000,000","99,000,000","101,000,000","142,000,000","149,000,000","196,000,000","157,000,000","149,000,000","126,000,000","115,000,000","93,000,000","91,000,000","82,000,000","60,000,000","35,000,000","40,000,000","33,000,000","31,000,000","19,000,000","19,000,000","20,000,000","21,000,000","17,000,000","17,000,000","18,000,000","19,000,000","19,000,000","21,000,000","20,000,000","26,000,000","24,000,000","21,000,000","22,000,000","30,000,000","26,000,000","33,000,000","18,000,000","20,000,000","21,000,000","16,000,000","16,000,000","13,000,000","11,000,000","9,000,000","11,000,000","28,000,000",,,,,,,,,,,,,,,,,,,,,,,,,,,,,,,,,,,,,,,,,,,,,,,,,,,,,,,,,,,,,,,,,,,,,,,,,,,,,,,,,,,,,,,,,,,,,,
ReconciledDepreciation,"1,647,000,000","429,000,000","400,000,000","400,000,000","418,000,000","413,000,000","397,000,000","398,000,000","419,000,000","442,000,000","412,000,000","422,000,000","428,000,000","404,000,000","374,000,000","337,000,000","305,000,000","300,000,000","286,000,000","297,000,000","286,000,000","322,000,000","337,000,000","348,000,000","368,000,000","338,000,000","319,000,000","296,000,000","285,000,000","274,000,000","275,000,000","261,000,000","263,000,000","266,000,000","263,000,000","251,000,000","248,000,000","249,000,000","266,000,000","249,000,000","257,000,000","266,000,000","252,000,000","245,000,000","240,000,000","244,000,000","253,000,000","254,000,000","185,000,000","228,000,000","278,000,000","227,000,000","228,000,000","248,000,000","220,000,000","221,000,000","293,000,000","209,000,000","376,000,000","192,000,000","174,000,000","179,000,000","186,000,000","173,000,000","166,000,000","143,000,000","175,000,000","164,000,000","161,000,000","164,000,000","159,000,000","161,000,000","159,000,000","62,000,000","188,000,000","193,000,000","198,000,000","193,000,000","179,000,000","188,000,000","-96,000,000","587,000,000","61,000,000","124,000,000","495,000,000","44,000,000","323,000,000","89,000,000","-10,000,000","1,227,000,000","-222,000,000","201,000,000","70,000,000","16,000,000","240,000,000","67,000,000","-144,000,000","13,000,000","78,000,000","66,000,000","-48,000,000","-173,000,000","72,000,000","-63,000,000","-13,000,000","59,000,000","47,000,000","94,000,000","64,000,000","181,000,000","-16,000,000","37,000,000","130,000,000","67,000,000","109,000,000","61,000,000","190,000,000","118,000,000","-3,000,000","73,000,000","-284,000,000","282,000,000","155,000,000","258,000,000","202,000,000","18,000,000","263,000,000","177,000,000","291,000,000","134,000,000","165,000,000","163,000,000","153,000,000","150,000,000","162,000,000","138,000,000",,,,,,,,,,,,,,,,,,
NetIncomeFromContinuingOperationNetMinorityInterest,"8,013,000,000","2,451,000,000","2,174,000,000","1,816,000,000","1,572,000,000","1,879,000,000","1,964,000,000","2,099,000,000","1,719,000,000","1,826,000,000","2,280,000,000","2,235,000,000","1,438,000,000","1,073,000,000","257,000,000","367,000,000","1,693,000,000","1,755,000,000","1,761,000,000","1,550,000,000","2,010,000,000","1,654,000,000","1,623,000,000","1,634,000,000","-1,197,000,000","1,356,000,000","1,340,000,000","1,237,000,000","825,000,000","1,142,000,000","2,015,000,000","1,426,000,000","899,000,000","1,266,000,000","1,473,000,000","1,525,000,000","1,447,000,000","1,477,000,000","1,529,000,000","1,432,000,000","1,308,000,000","1,366,000,000","1,405,000,000","1,280,000,000","637,000,000","1,250,000,000","1,339,000,000","1,256,000,000","1,192,000,000","1,235,000,000","1,295,000,000","1,177,000,000","1,062,000,000","1,093,000,000","1,017,000,000","885,000,000","710,000,000","642,000,000","342,000,000","443,000,000","306,000,000","861,000,000","655,000,000","974,000,000","839,000,000","1,074,000,000","1,062,000,000","1,065,000,000","925,000,000","956,000,000","972,000,000","876,000,000","751,000,000","865,000,000","1,013,000,000","946,000,000","896,000,000","879,000,000","876,000,000","865,000,000","776,000,000","770,000,000","762,000,000","692,000,000","683,000,000","687,000,000","683,000,000","618,000,000","297,000,000","298,000,000","178,000,000","538,000,000","677,000,000","737,000,000","740,000,000","656,000,000","606,000,000","648,000,000","646,000,000","575,000,000","530,000,000","574,000,000","578,000,000","460,000,000","493,000,000","524,000,000","520,000,000","454,000,000","594,000,000","458,000,000","452,000,000","396,000,000","385,000,000","416,000,000","410,000,000","353,000,000","335,000,000","369,000,000","359,000,000","317,000,000","526,000,000","420,000,000","416,000,000","243,200,000","82,000,000","-205,000,000","310,000,000","249,000,000","238,000,000","31,000,000","256,000,000","264,200,000","137,000,000","344,000,000","320,000,000","-463,000,000",,,,,,,,,,,,,,,,,,
TotalUnusualItemsExcludingGoodwill,"-142,000,000",,,,,,,,,,,,,,,,,,,,,,,,,"-155,000,000",,,"-451,000,000","-67,000,000","-232,000,000","-84,000,000","-419,000,000","-91,000,000","-83,000,000","-100,000,000","237,000,000","-96,000,000","-102,000,000",,,,,,"4,224,000,000","-1,536,000,000","-963,000,000",,,,,"-567,000,000","1,120,000,000","-251,000,000","-62,000,000","-561,000,000",,,,,,,,,,,,,,,,,,,,,,,,,"0","2,000,000",,,"-14,000,000","2,000,000","13,000,000","13,000,000","-279,000,000","-416,000,000",,,,,,,,,,,,,,,,,,,,,,,,,,,,,,,,,,,,,,,,,,,,,,,,,,,,,,,,,,,,,,,,
TotalUnusualItems,"-142,000,000",,,,,,,,,,,,,,,,,,,,,,,,,"-155,000,000",,,"-451,000,000","-67,000,000","-232,000,000","-84,000,000","-419,000,000","-91,000,000","-83,000,000","-100,000,000","237,000,000","-96,000,000","-102,000,000",,,,,,"4,224,000,000","-1,536,000,000","-963,000,000",,,,,"-567,000,000","1,120,000,000","-251,000,000","-62,000,000","-561,000,000",,,,,,,,,,,,,,,,,,,,,,,,,"0","2,000,000",,,"-14,000,000","2,000,000","13,000,000","13,000,000","-279,000,000","-416,000,000",,,,,,,,,,,,,,,,,,,,,,,,,,,,,,,,,,,,,,,,,,,,,,,,,,,,,,,,,,,,,,,,
TaxRateForCalcs,"0.188","0.209","0.205","0.162","0.16","0.236","0.228","0.226","0.255","0.255","0.224","0.253","0.226","0.213","0.27","0.188","0.148","0.226","0.206","0.208","0.27","0.219","0.224","0.215","0.4","0.258","0.312","0.319","0.289","0.342","0.332","0.347","0.382","0.347","0.339","0.342","0.35","0.342","0.339","0.351","0.339","0.318","0.296","0.329","0.314","0.332","0.287","0.292","0.318","0.278","0.266","0.32","0.281","0.334","0.362","0.293","0.261","0.301","0.182","0.186","0.35","0.201","0.145","0.281","0.257","0.242","0.263","0.332","0.244","0.286","0.326","0.339","0.217","0.199","0.232","0.312","0.243","0.299","0.308","0.307","0.288","0.276","0.305","0.305","0.28","0.284","0.289","0.28","0.147","0.158","0.4","0.274","0.258","0.284","0.293","0.287","0.283","0.286","0.278","0.273","0.257","0.282","0.278","0.251","0.286","0.27","0.259","0.291","0.295","0.262","0.289","0.299","0.29","0.271","0.283","0.291","0.295","0.259","0.249","0.28","0.4","0.281","0.33","0.4","0.305","0.31","0.4","0.332","0.4","0.4","0.174","0.207","0.4","0.236","0.283","0.4",,,,,,,,,,,,,,,,,,
TaxEffectOfUnusualItems,"-26,740,072.934","0","0","0","0","0","0","0","0","0","0","0","0","0","0","0","0","0","0","0","0","0","0","0","0","-39,990,000","0","0","0","0","-77,024,000","-29,148,000","-160,058,000","0","0","0","0","0","0","0","0","0","0","0","0","0","0","0","0","0","0","0","314,691,943.128","0","0","0","0","0","0","0","0","0","0","0","0","0","0","0","0","0","0","0","0","0","0","0","0","0","0","0","0","552,631.579","0","0","-3,924,130.664","567,257.56","3,760,665.973","3,636,363.636","-40,887,931.034","-65,807,909.605","0","0","0","0","0","0","0","0","0","0","0","0","0","0","0","0","0","0","0","0","0","0","0","0","0","0","0","0","0","0","0","0","0","0","0","0","0","0","0","0","0","0","0","0","0","0",,,,,,,,,,,,,,,,,,