name,ttm,09/30/2023,06/30/2023,03/31/2023,12/31/2022,09/30/2022,06/30/2022,03/31/2022,12/31/2021,09/30/2021,06/30/2021,03/31/2021,12/31/2020,09/30/2020,06/30/2020,03/31/2020,12/31/2019,09/30/2019,06/30/2019,03/31/2019,12/31/2018,09/30/2018,06/30/2018,03/31/2018,12/31/2017,09/30/2017,06/30/2017,03/31/2017,12/31/2016,09/30/2016,06/30/2016,03/31/2016,12/31/2015,09/30/2015,06/30/2015,03/31/2015,12/31/2014,09/30/2014,06/30/2014,03/31/2014,12/31/2013,09/30/2013,06/30/2013,03/31/2013,12/31/2012,09/30/2012,06/30/2012,03/31/2012,12/31/2011,09/30/2011,06/30/2011,03/31/2011,12/31/2010,09/30/2010,06/30/2010,03/31/2010,12/31/2009,09/30/2009,06/30/2009,03/31/2009,12/31/2008,09/30/2008,06/30/2008,03/31/2008,12/31/2007,09/30/2007,06/30/2007,03/31/2007,12/31/2006,09/30/2006,06/30/2006,03/31/2006,12/31/2005,09/30/2005,06/30/2005,03/31/2005,12/31/2004,09/30/2004,06/30/2004,03/31/2004,12/31/2003,09/30/2003,06/30/2003,03/31/2003,12/31/2002,09/30/2002,06/30/2002,03/31/2002,12/31/2001,09/30/2001,06/30/2001,03/31/2001,12/31/2000,09/30/2000,06/30/2000,03/31/2000,12/31/1999,09/30/1999,06/30/1999,03/31/1999,12/31/1998,09/30/1998,06/30/1998,03/31/1998,12/31/1997,09/30/1997,06/30/1997,03/31/1997,12/31/1996,09/30/1996,06/30/1996,03/31/1996,12/31/1995,09/30/1995,06/30/1995,03/31/1995,12/31/1994,09/30/1994,06/30/1994,03/31/1994,12/31/1993,09/30/1993,06/30/1993,03/31/1993,12/31/1992,09/30/1992,06/30/1992,03/31/1992
TotalRevenue,"101,154,000,000","25,167,000,000","25,197,000,000","26,258,000,000","24,532,000,000","24,502,000,000","22,688,000,000","23,228,000,000","22,060,000,000","22,766,000,000","21,466,000,000","22,822,000,000","20,099,000,000","20,336,000,000","22,326,000,000","22,767,000,000","22,349,000,000","22,807,000,000","23,084,000,000","23,004,000,000","22,677,000,000","22,777,000,000","22,609,000,000","23,125,000,000","20,436,000,000","21,839,000,000","22,829,000,000","22,248,000,000","19,990,000,000","21,635,000,000","20,398,000,000","19,512,000,000","19,351,000,000","20,713,000,000","22,029,000,000","21,175,000,000","18,745,000,000","21,200,000,000","21,390,000,000","21,782,000,000","21,014,000,000","20,346,000,000","22,047,000,000","22,934,000,000","17,961,000,000","20,196,000,000","21,606,000,000","21,553,000,000","21,661,000,000","27,092,000,000","12,069,000,000","25,490,000,000","20,886,000,000","26,466,000,000","29,153,000,000","31,969,000,000","23,050,000,000","25,989,000,000","26,831,000,000","35,758,000,000","16,471,000,000","19,621,000,000","20,315,000,000","17,003,000,000","8,608,000,000","15,929,000,000","19,563,000,000","18,155,000,000","15,297,000,000","18,184,000,000","18,221,000,000","17,691,000,000","13,518,000,000","14,636,000,000","14,340,000,000","14,681,000,000","13,896,000,000","13,292,000,000","13,816,000,000","10,013,000,000","9,768,000,000","9,976,000,000","9,916,000,000","9,167,000,000","9,108,000,000","8,711,000,000","8,668,000,000","8,637,000,000","9,208,000,000","8,730,000,000","8,764,000,000","8,411,000,000","7,994,000,000","8,249,000,000","8,137,000,000","8,576,000,000","8,085,000,000","8,322,000,000","8,186,000,000","7,953,000,000","7,668,000,000","7,129,000,000","4,908,000,000","3,553,000,000","3,550,000,000","3,215,000,000","3,182,000,000","3,108,000,000","2,581,000,000","2,507,000,000","2,498,000,000","2,456,000,000","2,262,000,000","2,170,000,000","2,070,000,000","2,034,000,000","1,919,000,000","1,957,000,000","1,954,000,000","1,982,000,000","1,918,000,000","1,722,000,000","1,614,000,000","1,592,000,000","1,529,000,000","1,592,000,000","1,477,000,000","1,662,000,000"
	NetInterestIncome,"57,666,000,000","14,379,000,000","14,158,000,000","14,448,000,000","14,681,000,000","13,765,000,000","12,444,000,000","11,572,000,000","11,410,000,000","11,094,000,000","10,233,000,000","10,197,000,000","10,253,000,000","10,129,000,000","10,848,000,000","12,130,000,000","12,140,000,000","12,187,000,000","12,189,000,000","12,375,000,000","12,504,000,000","11,870,000,000","11,650,000,000","11,608,000,000","11,462,000,000","11,161,000,000","10,986,000,000","11,058,000,000","10,292,000,000","10,201,000,000","9,213,000,000","9,171,000,000","9,801,000,000","9,511,000,000","10,488,000,000","9,451,000,000","9,635,000,000","10,219,000,000","10,013,000,000","10,085,000,000","10,786,000,000","10,266,000,000","10,549,000,000","10,664,000,000","10,324,000,000","9,938,000,000","9,548,000,000","10,846,000,000","10,701,000,000","10,490,000,000","11,246,000,000","12,179,000,000","12,439,000,000","12,435,000,000","12,900,000,000","13,749,000,000","11,559,000,000","11,423,000,000","11,630,000,000","12,497,000,000","13,106,000,000","11,642,000,000","10,621,000,000","9,991,000,000","9,164,000,000","8,615,000,000","8,386,000,000","8,268,000,000","8,599,000,000","8,586,000,000","8,630,000,000","8,776,000,000","7,441,000,000","7,773,000,000","7,650,000,000","7,873,000,000","7,750,000,000","7,665,000,000","7,581,000,000","5,801,000,000","5,586,000,000","5,304,000,000","5,365,000,000","5,209,000,000","5,374,000,000","5,302,000,000","5,094,000,000","5,153,000,000","5,417,000,000","5,204,000,000","5,030,000,000","4,639,000,000","4,694,000,000","4,593,000,000","4,631,000,000","4,524,000,000","4,475,000,000","4,550,000,000","4,612,000,000","4,600,000,000","4,609,000,000","4,444,000,000","2,527,000,000","2,530,000,000","1,988,000,000","1,972,000,000","1,988,000,000","1,950,000,000","1,590,000,000","1,595,000,000","1,587,000,000","1,557,000,000","1,413,000,000","1,391,000,000","1,336,000,000","1,307,000,000","1,300,000,000","1,306,000,000","1,317,000,000","1,288,000,000","1,303,000,000","1,148,000,000","1,111,000,000","1,075,000,000","1,076,000,000","1,037,000,000","998,000,000","987,000,000"
		InterestIncome,"119,708,000,000","33,624,000,000","32,354,000,000","28,655,000,000","25,075,000,000","19,621,000,000","14,975,000,000","12,894,000,000","12,554,000,000","12,336,000,000","11,387,000,000","11,395,000,000","11,461,000,000","11,486,000,000","12,540,000,000","16,098,000,000","16,926,000,000","17,916,000,000","18,224,000,000","18,170,000,000","17,836,000,000","16,965,000,000","16,369,000,000","15,599,000,000","15,066,000,000","14,657,000,000","14,146,000,000","13,710,000,000","12,865,000,000","12,610,000,000","11,668,000,000","11,695,000,000","12,698,000,000","12,007,000,000","13,132,000,000","11,963,000,000","12,152,000,000","12,858,000,000","12,941,000,000","12,935,000,000","13,712,000,000","13,382,000,000","13,825,000,000","14,101,000,000","13,971,000,000","13,976,000,000","13,992,000,000","15,461,000,000","15,413,000,000","15,853,000,000","17,048,000,000","17,922,000,000","18,290,000,000","18,209,000,000","12,900,000,000","13,749,000,000","17,645,000,000","18,523,000,000","19,592,000,000","12,497,000,000","21,602,000,000","22,196,000,000","20,027,000,000","21,859,000,000","23,479,000,000","22,033,000,000","21,232,000,000","20,560,000,000","20,491,000,000","20,672,000,000","19,297,000,000","18,125,000,000","15,973,000,000","15,209,000,000","14,291,000,000","13,153,000,000","12,129,000,000","11,518,000,000","11,008,000,000","8,572,000,000","8,068,000,000","7,855,000,000","7,995,000,000","7,725,000,000","8,121,000,000","8,185,000,000","7,984,000,000","7,871,000,000","8,805,000,000","9,322,000,000","9,925,000,000","10,241,000,000","11,170,000,000","11,265,000,000","10,737,000,000","10,086,000,000","9,622,000,000","9,294,000,000","9,206,000,000","9,201,000,000","9,638,000,000","9,608,000,000","5,206,000,000","5,269,000,000","4,288,000,000","4,155,000,000","4,109,000,000","4,027,000,000","3,358,000,000","3,423,000,000","3,442,000,000","3,573,000,000","3,361,000,000","3,398,000,000","3,391,000,000","3,070,000,000","2,918,000,000","2,701,000,000","2,512,000,000","2,398,000,000","2,353,000,000","2,067,000,000","1,905,000,000","1,882,000,000","1,888,000,000","1,904,000,000","1,932,000,000","2,056,000,000"
			InterestIncomeFromLoansAndLease,"54,011,000,000","14,830,000,000","13,970,000,000","13,097,000,000","12,114,000,000","10,231,000,000","8,222,000,000","7,352,000,000","7,423,000,000","7,502,000,000","7,123,000,000","7,234,000,000","7,603,000,000","7,894,000,000","8,569,000,000","9,963,000,000","10,365,000,000","10,894,000,000","10,942,000,000","10,885,000,000","10,716,000,000","10,401,000,000","10,071,000,000","9,623,000,000","9,344,000,000","9,203,000,000","8,920,000,000","8,754,000,000","8,391,000,000","8,358,000,000","8,219,000,000","8,260,000,000","8,051,000,000","8,005,000,000","7,978,000,000","8,036,000,000","8,377,000,000","8,535,000,000","8,635,000,000","8,760,000,000","9,086,000,000","9,146,000,000","9,060,000,000","9,178,000,000","9,366,000,000","9,597,000,000","9,744,000,000","10,173,000,000","10,512,000,000","11,205,000,000","11,320,000,000","11,929,000,000","12,149,000,000","12,485,000,000","12,887,000,000","13,475,000,000","11,405,000,000","11,620,000,000","12,329,000,000","13,349,000,000","14,220,000,000","14,261,000,000","13,121,000,000","14,415,000,000","15,363,000,000","14,111,000,000","13,323,000,000","12,884,000,000","12,705,000,000","12,638,000,000","11,804,000,000","11,127,000,000","9,468,000,000","8,956,000,000","8,312,000,000","8,107,000,000","7,922,000,000","7,508,000,000","7,237,000,000","5,549,000,000","5,580,000,000","5,328,000,000","5,412,000,000","5,348,000,000","5,502,000,000","5,553,000,000","5,530,000,000","5,349,000,000","5,795,000,000","6,511,000,000","7,201,000,000","7,659,000,000","8,250,000,000","8,305,000,000","7,923,000,000","7,394,000,000","7,063,000,000","6,883,000,000","6,853,000,000","6,770,000,000","7,030,000,000","7,084,000,000","3,797,000,000","3,775,000,000","2,973,000,000","3,182,000,000","3,204,000,000","3,122,000,000","2,602,000,000","2,619,000,000","2,634,000,000","2,664,000,000","2,526,000,000","2,458,000,000","2,365,000,000","2,227,000,000","2,105,000,000","1,983,000,000","1,864,000,000","1,798,000,000","1,746,000,000","1,548,000,000","1,493,000,000","1,454,000,000","1,354,000,000","1,475,000,000","1,491,000,000","1,487,000,000"
				InterestIncomeFromLoans,,,,,,,,,,"7,502,000,000","7,123,000,000","7,234,000,000","7,603,000,000","7,894,000,000","8,569,000,000","9,963,000,000","10,365,000,000","10,894,000,000","10,942,000,000","10,885,000,000","10,716,000,000","10,401,000,000","10,071,000,000","9,623,000,000","9,344,000,000","9,203,000,000","8,920,000,000","8,754,000,000","8,391,000,000","8,358,000,000","8,219,000,000","8,260,000,000","8,051,000,000","8,005,000,000","7,978,000,000","8,036,000,000","8,377,000,000","8,535,000,000","8,635,000,000","8,760,000,000","9,086,000,000","9,146,000,000","9,060,000,000","9,178,000,000","9,366,000,000",,,,"10,512,000,000",,,,"12,149,000,000",,,,"11,405,000,000",,,,"14,220,000,000","14,261,000,000","13,121,000,000","14,415,000,000","15,363,000,000","14,111,000,000","13,323,000,000","12,884,000,000","12,705,000,000","12,638,000,000","11,804,000,000","11,127,000,000","9,468,000,000","8,956,000,000","8,312,000,000","8,107,000,000","7,922,000,000","7,508,000,000","7,237,000,000","5,549,000,000","5,580,000,000","5,328,000,000","5,412,000,000","5,348,000,000","5,502,000,000","5,553,000,000","5,530,000,000","5,349,000,000","5,795,000,000","6,511,000,000","7,201,000,000","7,659,000,000","8,250,000,000","8,305,000,000","7,923,000,000","7,394,000,000","7,063,000,000","6,883,000,000","6,853,000,000","6,770,000,000","7,030,000,000","7,084,000,000","3,797,000,000","3,775,000,000","3,277,000,000","3,076,000,000","3,104,000,000","3,024,000,000","2,519,000,000","2,541,000,000","2,559,000,000","2,598,000,000","2,464,000,000","2,400,000,000","2,314,000,000","2,177,000,000","2,059,000,000","1,941,000,000","1,832,000,000","1,768,000,000","1,717,000,000","1,517,000,000","1,468,000,000","1,429,000,000","1,339,000,000","1,447,000,000","1,467,000,000","1,460,000,000"
				InterestIncomeFromLeases,,,,,,,,,,,,,,,,,,,,,,,,,,,,,,,,,,,,,,,,,,,,,,,,,,,,,,,,,,,,,,,,,,,,,,,,,,,,,,,,,,,,,,,,,,,,,,,,,,,,,,,,,,"106,000,000","100,000,000","98,000,000","83,000,000","78,000,000","75,000,000","66,000,000","62,000,000","58,000,000","51,000,000","50,000,000","46,000,000","42,000,000","32,000,000","30,000,000","29,000,000","31,000,000","25,000,000","25,000,000","15,000,000","28,000,000","24,000,000","27,000,000"
			InterestIncomeFromSecurities,"27,914,000,000","6,875,000,000","6,767,000,000","7,488,000,000","6,784,000,000","5,688,000,000","5,272,000,000","4,904,000,000","4,521,000,000","4,249,000,000","3,774,000,000","3,602,000,000","3,302,000,000","3,078,000,000","3,448,000,000","4,090,000,000","4,075,000,000","4,148,000,000","4,338,000,000","4,441,000,000","4,383,000,000","4,158,000,000","4,054,000,000","3,940,000,000","3,851,000,000","3,720,000,000","3,757,000,000","3,617,000,000","3,338,000,000","3,220,000,000","2,430,000,000","2,383,000,000","3,629,000,000","2,973,000,000","4,144,000,000","2,970,000,000","2,773,000,000","3,336,000,000","3,299,000,000","3,174,000,000","3,586,000,000","3,254,000,000","3,729,000,000","3,886,000,000","3,425,000,000","3,220,000,000","3,148,000,000","4,077,000,000","3,532,000,000","3,229,000,000","4,213,000,000","4,508,000,000","4,690,000,000","4,246,000,000","4,725,000,000","4,859,000,000","4,580,000,000","4,818,000,000","5,235,000,000","6,258,000,000","5,971,000,000","5,965,000,000","5,129,000,000","5,138,000,000","5,096,000,000","4,853,000,000","4,599,000,000","4,653,000,000","4,641,000,000","4,936,000,000","4,748,000,000","4,562,000,000","4,392,000,000","4,347,000,000","4,225,000,000","3,716,000,000","3,096,000,000","3,046,000,000","2,918,000,000","2,221,000,000","1,659,000,000","1,598,000,000","2,018,000,000","1,820,000,000","2,040,000,000","2,110,000,000","1,872,000,000","1,824,000,000","1,986,000,000","1,821,000,000","1,830,000,000","1,692,000,000","1,935,000,000","2,003,000,000","1,965,000,000","1,867,000,000","1,835,000,000","1,690,000,000","1,668,000,000","1,720,000,000","1,803,000,000","1,689,000,000","1,106,000,000","1,198,000,000","1,021,000,000","789,000,000","705,000,000","689,000,000","569,000,000","625,000,000","637,000,000","700,000,000","636,000,000","657,000,000","699,000,000","573,000,000","578,000,000","540,000,000","525,000,000","499,000,000","523,000,000","435,000,000","358,000,000","377,000,000","487,000,000","377,000,000","352,000,000","464,000,000"
			InterestIncomeFromDeposits,,,,,,,,,,,,,,,,,,,,,,,,,,,,,,,,,,,,,,,,,,,,,,,,,,,,,,,,,,,,,,,,,,,,,,,,,,,,,,,,,,,,,,,,,,,,,,,,,,,,,,,,,,"26,000,000","31,000,000","28,000,000","25,000,000","20,000,000","17,000,000","18,000,000","28,000,000","32,000,000","42,000,000","40,000,000","32,000,000","29,000,000","15,000,000","14,000,000","20,000,000","18,000,000","20,000,000","21,000,000","21,000,000","20,000,000","24,000,000","27,000,000"
			InterestIncomeFromFederalFundsSoldAndSecuritiesPurchaseUnderAgreementsToResell,"16,280,000,000","4,888,000,000","4,955,000,000","3,712,000,000","2,725,000,000","1,446,000,000","396,000,000","-7,000,000","-47,000,000","6,000,000","-42,000,000","-7,000,000","3,000,000","55,000,000","26,000,000","819,000,000","1,097,000,000","1,242,000,000","1,309,000,000","1,195,000,000","1,046,000,000","799,000,000","709,000,000","622,000,000","732,000,000","659,000,000","560,000,000","439,000,000","315,000,000","267,000,000","260,000,000","276,000,000","214,000,000","275,000,000","268,000,000","231,000,000","238,000,000","239,000,000","297,000,000","265,000,000","304,000,000","291,000,000","319,000,000","315,000,000","329,000,000","353,000,000","360,000,000","460,000,000","449,000,000","584,000,000","597,000,000","517,000,000","486,000,000","441,000,000","457,000,000","448,000,000","327,000,000","722,000,000","690,000,000","1,155,000,000","393,000,000","912,000,000","800,000,000","1,208,000,000","1,748,000,000","1,839,000,000","2,156,000,000","1,979,000,000","2,068,000,000","2,146,000,000","1,900,000,000","1,709,000,000","1,508,000,000","1,359,000,000","1,252,000,000","893,000,000","712,000,000","484,000,000","413,000,000","434,000,000","506,000,000","480,000,000","193,000,000","194,000,000","208,000,000","177,000,000","270,000,000","285,000,000","253,000,000","321,000,000","405,000,000","435,000,000","551,000,000","633,000,000","595,000,000","575,000,000","458,000,000","440,000,000","387,000,000","381,000,000","486,000,000","492,000,000","163,000,000","176,000,000","168,000,000","158,000,000","169,000,000","188,000,000","162,000,000","159,000,000","154,000,000","191,000,000","171,000,000","251,000,000","285,000,000","230,000,000","203,000,000","149,000,000","108,000,000","87,000,000","64,000,000","66,000,000","34,000,000","30,000,000","26,000,000","32,000,000","65,000,000","78,000,000"
			OtherInterestIncome,"21,503,000,000","7,031,000,000","6,662,000,000","4,358,000,000","3,452,000,000","2,256,000,000","1,085,000,000","645,000,000","657,000,000","579,000,000","532,000,000","566,000,000","553,000,000","459,000,000","497,000,000","1,226,000,000","1,389,000,000","1,632,000,000","1,635,000,000","1,649,000,000","1,691,000,000","1,607,000,000","1,535,000,000","1,414,000,000","1,139,000,000","1,075,000,000","909,000,000","900,000,000","821,000,000","765,000,000","759,000,000","776,000,000","804,000,000","754,000,000","742,000,000","726,000,000","764,000,000","748,000,000","710,000,000","736,000,000","736,000,000","691,000,000","717,000,000","722,000,000","851,000,000","806,000,000","740,000,000","751,000,000","920,000,000","835,000,000","918,000,000","968,000,000","965,000,000","1,037,000,000","1,062,000,000","1,097,000,000","1,333,000,000","1,363,000,000","1,338,000,000","1,394,000,000","1,018,000,000","1,058,000,000","977,000,000","1,098,000,000","1,272,000,000","1,230,000,000","1,154,000,000","1,044,000,000","1,077,000,000","952,000,000","845,000,000","727,000,000","605,000,000","547,000,000","502,000,000","437,000,000","399,000,000","480,000,000","440,000,000","368,000,000","323,000,000","449,000,000","372,000,000","363,000,000","371,000,000","345,000,000","312,000,000","413,000,000","771,000,000","669,000,000","489,000,000","455,000,000","434,000,000","324,000,000","254,000,000","250,000,000","266,000,000","281,000,000","298,000,000","330,000,000","319,000,000","343,000,000","140,000,000","120,000,000",,,,,,,,,,,,,,,,,,,,,,,,
		InterestExpense,"62,042,000,000","19,245,000,000","18,196,000,000","14,207,000,000","10,394,000,000","5,856,000,000","2,531,000,000","1,322,000,000","1,144,000,000","1,242,000,000","1,154,000,000","1,198,000,000","1,208,000,000","1,357,000,000","1,692,000,000","3,968,000,000","4,786,000,000","5,729,000,000","6,035,000,000","5,795,000,000","5,332,000,000","5,095,000,000","4,719,000,000","3,991,000,000","3,604,000,000","3,496,000,000","3,160,000,000","2,652,000,000","2,573,000,000","2,409,000,000","2,455,000,000","2,524,000,000","2,897,000,000","2,496,000,000","2,644,000,000","2,512,000,000","2,517,000,000","2,639,000,000","2,928,000,000","2,850,000,000","2,926,000,000","3,116,000,000","3,276,000,000","3,437,000,000","3,647,000,000","4,038,000,000","4,444,000,000","4,615,000,000","4,712,000,000","5,363,000,000","5,802,000,000","5,743,000,000","5,851,000,000","5,774,000,000","6,231,000,000","6,130,000,000","6,086,000,000","7,100,000,000","7,962,000,000","9,659,000,000","8,496,000,000","10,554,000,000","9,406,000,000","11,868,000,000","14,315,000,000","13,418,000,000","12,846,000,000","12,292,000,000","11,892,000,000","12,086,000,000","10,667,000,000","9,349,000,000","8,532,000,000","7,436,000,000","6,641,000,000","5,280,000,000","4,379,000,000","3,853,000,000","3,427,000,000","2,771,000,000","2,482,000,000","2,551,000,000","2,630,000,000","2,516,000,000","2,747,000,000","2,883,000,000","2,890,000,000","2,718,000,000","3,388,000,000","4,118,000,000","4,895,000,000","5,602,000,000","6,476,000,000","6,672,000,000","6,106,000,000","5,562,000,000","5,147,000,000","4,744,000,000","4,594,000,000","4,601,000,000","5,029,000,000","5,164,000,000","2,679,000,000","2,739,000,000","2,300,000,000","2,183,000,000","2,121,000,000","2,077,000,000","1,768,000,000","1,828,000,000","1,855,000,000","2,016,000,000","1,948,000,000","2,007,000,000","2,055,000,000","1,763,000,000","1,618,000,000","1,395,000,000","1,195,000,000","1,110,000,000","1,050,000,000","919,000,000","794,000,000","807,000,000","812,000,000","867,000,000","934,000,000","1,069,000,000"
			InterestExpenseForDeposit,"20,438,000,000","7,340,000,000","5,785,000,000","4,314,000,000","2,999,000,000","1,235,000,000","320,000,000","164,000,000","143,000,000","133,000,000","128,000,000","133,000,000","159,000,000","227,000,000","373,000,000","1,184,000,000","1,548,000,000","1,880,000,000","1,965,000,000","1,795,000,000","1,562,000,000","1,230,000,000","943,000,000","760,000,000","679,000,000","624,000,000","346,000,000","282,000,000","279,000,000","266,000,000","245,000,000","225,000,000","211,000,000","214,000,000","216,000,000","220,000,000","237,000,000","270,000,000","282,000,000","291,000,000","314,000,000","334,000,000","366,000,000","382,000,000","438,000,000","484,000,000","519,000,000","549,000,000","616,000,000","704,000,000","843,000,000","839,000,000","894,000,000","950,000,000","1,031,000,000","1,122,000,000","1,472,000,000","1,710,000,000","-2,082,000,000","-2,543,000,000","3,296,000,000","3,846,000,000","3,520,000,000","4,588,000,000","5,253,000,000","4,545,000,000","4,261,000,000","4,034,000,000","3,989,000,000","3,976,000,000","3,508,000,000","3,007,000,000","2,661,000,000","2,409,000,000","2,379,000,000","2,043,000,000","1,829,000,000","1,711,000,000","1,529,000,000","1,206,000,000","1,178,000,000","1,278,000,000","1,269,000,000","1,183,000,000","1,292,000,000","1,414,000,000","1,384,000,000","1,344,000,000","1,713,000,000","2,097,000,000","2,363,000,000","2,713,000,000","2,927,000,000","2,868,000,000","2,720,000,000","2,495,000,000","2,324,000,000","2,198,000,000","2,168,000,000","2,313,000,000","2,598,000,000","2,830,000,000","1,238,000,000","1,203,000,000","982,000,000","980,000,000","995,000,000","998,000,000","794,000,000","822,000,000","848,000,000","858,000,000","826,000,000","830,000,000","842,000,000","783,000,000","718,000,000","632,000,000","546,000,000","519,000,000","537,000,000","514,000,000","537,000,000","561,000,000","571,000,000","644,000,000","724,000,000","833,000,000"
			InterestExpenseForShortTermDebt,"26,437,000,000","7,629,000,000","8,355,000,000","6,180,000,000","4,273,000,000","2,264,000,000","553,000,000","-112,000,000","-153,000,000","-41,000,000","-85,000,000","-79,000,000","-37,000,000","-24,000,000","-72,000,000","1,120,000,000","1,483,000,000","1,876,000,000","1,997,000,000","1,852,000,000","1,716,000,000","1,526,000,000","1,462,000,000","1,135,000,000","1,030,000,000","944,000,000","917,000,000","647,000,000","542,000,000","569,000,000","625,000,000","614,000,000","519,000,000","597,000,000","686,000,000","606,000,000","615,000,000","591,000,000","763,000,000","609,000,000","682,000,000","683,000,000","809,000,000","749,000,000","855,000,000","893,000,000","1,391,000,000","1,358,000,000","921,000,000","1,700,000,000","1,968,000,000","1,811,000,000","1,142,000,000","1,483,000,000","1,618,000,000","1,478,000,000","658,000,000","1,237,000,000","-1,396,000,000","-2,221,000,000","1,910,000,000","3,223,000,000","3,087,000,000","4,142,000,000","5,599,000,000","5,521,000,000","5,537,000,000","5,318,000,000","5,222,000,000","5,467,000,000","4,842,000,000","4,309,000,000","3,644,000,000","3,325,000,000","2,677,000,000","1,969,000,000","1,474,000,000","1,183,000,000","1,037,000,000","740,000,000","537,000,000","447,000,000","514,000,000","453,000,000","557,000,000","526,000,000","529,000,000","477,000,000","700,000,000","869,000,000","1,221,000,000","1,377,000,000","1,942,000,000","2,223,000,000","1,990,000,000","1,802,000,000","1,638,000,000","1,437,000,000","1,396,000,000","1,354,000,000","1,422,000,000","1,278,000,000",,,"660,000,000","571,000,000","524,000,000","509,000,000","455,000,000","499,000,000","550,000,000","651,000,000","642,000,000","691,000,000","779,000,000","598,000,000","756,000,000","629,000,000","514,000,000","454,000,000","379,000,000","310,000,000","173,000,000","167,000,000","171,000,000","151,000,000","145,000,000","172,000,000"
			InterestExpenseForLongTermDebtAndCapitalSecurities,"13,260,000,000","3,766,000,000","3,584,000,000","3,209,000,000","2,701,000,000","1,974,000,000","1,288,000,000","906,000,000","850,000,000","865,000,000","818,000,000","898,000,000","876,000,000","942,000,000","1,168,000,000","1,335,000,000","1,473,000,000","1,670,000,000","1,754,000,000","1,803,000,000","1,736,000,000","2,004,000,000","1,966,000,000","1,739,000,000","1,581,000,000","1,609,000,000","1,590,000,000","1,459,000,000","1,512,000,000","1,330,000,000","1,343,000,000","1,393,000,000","1,895,000,000","1,343,000,000","1,407,000,000","1,313,000,000","1,314,000,000","1,386,000,000","1,485,000,000","1,515,000,000","1,566,000,000","1,724,000,000","1,674,000,000","1,834,000,000","1,934,000,000","2,243,000,000","2,534,000,000","2,708,000,000","2,764,000,000","2,959,000,000","2,991,000,000","3,093,000,000","3,254,000,000","3,341,000,000","3,582,000,000","3,530,000,000","3,365,000,000","3,698,000,000","4,034,000,000","4,316,000,000","2,766,000,000","2,824,000,000","2,050,000,000","2,298,000,000","2,638,000,000","2,446,000,000","2,227,000,000","2,048,000,000","1,881,000,000","1,916,000,000","1,721,000,000","1,516,000,000","1,608,000,000","995,000,000","974,000,000","841,000,000","724,000,000","626,000,000","563,000,000","491,000,000","450,000,000","481,000,000","531,000,000","572,000,000","609,000,000","601,000,000","633,000,000","612,000,000","707,000,000","867,000,000","999,000,000","1,222,000,000","1,322,000,000","1,344,000,000","1,207,000,000","1,084,000,000","995,000,000","920,000,000","880,000,000","805,000,000","844,000,000","862,000,000","1,269,000,000","1,342,000,000","468,000,000","469,000,000","442,000,000","405,000,000","367,000,000","344,000,000","310,000,000","316,000,000","295,000,000","246,000,000","185,000,000","160,000,000","144,000,000","134,000,000","135,000,000","137,000,000","134,000,000","95,000,000","84,000,000","79,000,000","70,000,000","72,000,000","65,000,000","64,000,000"
			InterestExpenseForFederalFundsSoldAndSecuritiesPurchaseUnderAgreementsToResell,,,,,,,,,,,"42,000,000","7,000,000",,,,,,,,,,,,,,,,,,,,,,,,,,,,,,,,,,,,,,,,,,,,,,,,,,,,,,,,,,,,,,,,,,,,,,,,,,,,,,,,,,,,,,,,,,,,,,,,,,,,,,,,,,,,,,,,,,,,
			OtherInterestExpense,"1,907,000,000","510,000,000","472,000,000","504,000,000","421,000,000","383,000,000","370,000,000","364,000,000","304,000,000","285,000,000","293,000,000","246,000,000","210,000,000","212,000,000","223,000,000","329,000,000","282,000,000","303,000,000","319,000,000","345,000,000","318,000,000","335,000,000","348,000,000","357,000,000","314,000,000","319,000,000","307,000,000","264,000,000","240,000,000","244,000,000","242,000,000","292,000,000","272,000,000","342,000,000","335,000,000","373,000,000","351,000,000","392,000,000","398,000,000","435,000,000","364,000,000","375,000,000","427,000,000","472,000,000","420,000,000","418,000,000","448,000,000","477,000,000","411,000,000","547,000,000","627,000,000","627,000,000","561,000,000","635,000,000",,,"591,000,000","455,000,000","7,406,000,000","10,107,000,000","524,000,000","661,000,000","749,000,000","840,000,000","825,000,000","906,000,000","821,000,000","892,000,000","800,000,000","727,000,000","596,000,000","517,000,000","619,000,000","707,000,000","611,000,000","427,000,000","352,000,000","333,000,000","298,000,000","334,000,000","317,000,000","345,000,000","316,000,000","308,000,000","289,000,000","342,000,000","344,000,000","285,000,000","268,000,000","285,000,000","312,000,000","290,000,000","285,000,000","237,000,000","189,000,000","181,000,000","190,000,000","189,000,000","150,000,000","129,000,000","165,000,000","194,000,000","172,000,000","194,000,000","190,000,000","163,000,000","160,000,000","165,000,000","152,000,000","163,000,000","147,000,000","191,000,000","185,000,000","240,000,000","249,000,000","222,000,000",,,,,,,,,,,,
	NonInterestIncome,"43,488,000,000","10,788,000,000","11,039,000,000","11,810,000,000","9,851,000,000","10,737,000,000","10,244,000,000","11,656,000,000","10,650,000,000","11,672,000,000","11,233,000,000","12,625,000,000","9,846,000,000","10,207,000,000","11,478,000,000","10,637,000,000","10,209,000,000","10,620,000,000","10,895,000,000","10,629,000,000","10,173,000,000","10,907,000,000","10,959,000,000","11,517,000,000","8,974,000,000","10,678,000,000","11,843,000,000","11,190,000,000","9,698,000,000","11,434,000,000","11,185,000,000","10,341,000,000","9,550,000,000","11,202,000,000","11,541,000,000","11,724,000,000","9,110,000,000","10,981,000,000","11,377,000,000","11,697,000,000","10,228,000,000","10,080,000,000","11,498,000,000","12,270,000,000","7,637,000,000","10,258,000,000","12,058,000,000","10,707,000,000","10,960,000,000","16,602,000,000","823,000,000","13,311,000,000","8,447,000,000","14,031,000,000","16,253,000,000","18,220,000,000","11,491,000,000","14,566,000,000","15,201,000,000","23,261,000,000","3,365,000,000","7,979,000,000","9,694,000,000","7,012,000,000","-556,000,000","7,314,000,000","11,177,000,000","9,887,000,000","6,698,000,000","9,598,000,000","9,591,000,000","8,915,000,000","6,077,000,000","6,863,000,000","6,690,000,000","6,808,000,000","6,146,000,000","5,627,000,000","6,235,000,000","4,212,000,000","4,182,000,000","4,672,000,000","4,551,000,000","3,958,000,000","3,734,000,000","3,409,000,000","3,574,000,000","3,484,000,000","3,791,000,000","3,526,000,000","3,734,000,000","3,772,000,000","3,300,000,000","3,656,000,000","3,506,000,000","4,052,000,000","3,610,000,000","3,772,000,000","3,574,000,000","3,353,000,000","3,059,000,000","2,685,000,000","2,381,000,000","1,023,000,000","1,562,000,000","1,243,000,000","1,194,000,000","1,158,000,000","991,000,000","912,000,000","911,000,000","899,000,000","849,000,000","779,000,000","734,000,000","727,000,000","619,000,000","651,000,000","637,000,000","694,000,000","615,000,000","574,000,000","503,000,000","517,000,000","453,000,000","555,000,000","479,000,000","675,000,000"
		TotalPremiumsEarned,,,,,,,,,,,,,,,,,,,,,,,,,,,,,,,,,,,,,,,,,,,,,"-124,000,000","-138,000,000","127,000,000","-60,000,000","143,000,000","190,000,000","400,000,000","613,000,000","598,000,000","75,000,000","678,000,000","715,000,000","703,000,000","707,000,000","662,000,000","688,000,000","741,000,000","678,000,000",,,,,,,,,,,,,,,,,,,,,,,,,,,,,,,,,,,,,,,,,,,,,,,,,,,,,,,,,,,,,,,,,,
		FeesAndCommissions,"27,091,000,000","6,947,000,000","6,749,000,000","6,731,000,000","6,664,000,000","6,834,000,000","7,363,000,000","7,528,000,000","7,792,000,000","7,747,000,000","7,583,000,000","7,291,000,000","7,197,000,000","7,008,000,000","6,233,000,000","6,933,000,000","7,046,000,000","6,934,000,000","6,819,000,000","6,574,000,000","6,997,000,000","6,925,000,000","6,954,000,000","7,042,000,000","6,909,000,000","6,700,000,000","6,763,000,000","6,629,000,000","6,682,000,000","6,567,000,000","6,536,000,000","6,449,000,000","6,676,000,000","6,744,000,000","6,721,000,000","6,536,000,000","6,851,000,000","6,734,000,000","6,598,000,000","6,488,000,000","6,490,000,000","6,323,000,000","6,449,000,000","6,236,000,000","6,257,000,000","5,463,000,000","6,359,000,000","5,111,000,000","6,154,000,000","11,512,000,000","8,945,000,000","4,121,000,000","7,042,000,000","4,627,000,000","4,599,000,000","4,542,000,000","7,552,000,000","3,410,000,000","4,878,000,000","5,398,000,000","6,733,000,000","7,082,000,000","7,411,000,000","7,376,000,000","7,433,000,000","7,194,000,000","6,951,000,000","3,221,000,000","17,099,000,000","3,421,000,000","3,223,000,000","3,004,000,000","312,000,000","4,660,000,000","4,898,000,000","4,079,000,000","10,106,000,000","1,899,000,000","3,911,000,000","2,833,000,000","2,865,000,000","2,841,000,000","2,737,000,000","2,578,000,000","2,650,000,000","2,580,000,000","2,517,000,000","2,386,000,000","2,448,000,000","2,386,000,000","2,362,000,000","2,281,000,000","2,271,000,000","2,238,000,000","2,173,000,000","2,076,000,000","2,317,000,000","2,305,000,000","2,332,000,000","2,278,000,000","2,131,000,000","1,033,000,000","906,000,000","904,000,000",,,,,,,,,,,,,,,,,,,,,,,,
			FeesandCommissionIncome,"27,091,000,000","6,947,000,000","6,749,000,000","6,731,000,000","6,664,000,000","6,834,000,000","7,363,000,000","7,528,000,000","7,792,000,000","7,747,000,000","7,583,000,000","7,291,000,000","7,197,000,000","7,008,000,000","6,233,000,000","6,933,000,000","7,046,000,000","6,934,000,000","6,819,000,000","6,574,000,000","6,997,000,000","6,925,000,000","6,954,000,000","7,042,000,000","6,909,000,000","6,700,000,000","6,763,000,000","6,629,000,000","6,682,000,000","6,567,000,000","6,536,000,000","6,449,000,000","6,676,000,000","6,744,000,000","6,721,000,000","6,536,000,000","6,851,000,000","6,734,000,000","6,598,000,000","6,488,000,000","6,490,000,000","6,323,000,000","6,449,000,000","6,236,000,000","6,257,000,000","5,463,000,000","6,359,000,000","5,111,000,000","6,154,000,000","11,512,000,000","8,945,000,000","4,121,000,000","7,042,000,000","4,627,000,000","4,599,000,000","4,542,000,000","7,552,000,000","3,410,000,000","4,878,000,000","5,398,000,000","6,733,000,000","7,082,000,000","7,411,000,000","7,376,000,000","7,433,000,000","7,194,000,000","6,951,000,000","3,221,000,000","17,099,000,000","3,421,000,000","3,223,000,000","3,004,000,000","312,000,000","4,660,000,000","4,898,000,000","4,079,000,000","10,106,000,000","1,899,000,000","3,911,000,000","2,833,000,000","2,865,000,000","2,841,000,000","2,737,000,000","2,578,000,000","2,650,000,000","2,580,000,000","2,517,000,000","2,386,000,000","2,448,000,000","2,386,000,000","2,362,000,000","2,281,000,000","2,271,000,000","2,238,000,000","2,173,000,000","2,076,000,000","2,317,000,000","2,305,000,000","2,332,000,000","2,278,000,000","2,131,000,000","1,033,000,000","906,000,000","904,000,000",,,,,,,,,,,,,,,,,,,,,,,,
				ServiceChargeOnDepositorAccounts,"5,627,000,000","1,464,000,000","1,364,000,000","1,410,000,000","1,389,000,000","1,466,000,000","1,717,000,000","1,833,000,000","1,910,000,000","1,928,000,000","1,874,000,000","1,793,000,000","1,859,000,000","1,817,000,000","1,562,000,000","1,903,000,000","1,957,000,000","1,975,000,000","1,903,000,000","1,839,000,000","1,931,000,000","1,961,000,000","1,954,000,000","1,921,000,000","1,955,000,000","1,968,000,000","1,977,000,000","1,918,000,000","1,978,000,000","1,952,000,000","1,871,000,000","1,837,000,000","1,862,000,000","1,898,000,000","1,857,000,000","1,764,000,000","1,844,000,000","1,907,000,000","1,866,000,000","1,826,000,000","1,870,000,000","1,884,000,000","1,837,000,000","1,799,000,000","1,820,000,000","1,934,000,000","1,934,000,000","1,912,000,000","1,982,000,000","2,068,000,000","2,012,000,000","2,032,000,000","2,036,000,000","2,212,000,000","2,576,000,000","2,566,000,000","2,756,000,000","3,020,000,000","2,729,000,000","2,533,000,000","2,559,000,000",,,,,,,,,,,,,,,,,,,,,,,,,,,,,,,,,,,,"948,000,000","942,000,000","900,000,000","855,000,000","881,000,000","855,000,000","461,000,000","454,000,000",,,,,,,,,,,,,,,,,,,,,,,,
				TrustFeesbyCommissions,"11,834,000,000","3,103,000,000","2,969,000,000","2,918,000,000","2,844,000,000","2,920,000,000","3,102,000,000","3,286,000,000","3,295,000,000","3,276,000,000","3,156,000,000","3,002,000,000","2,803,000,000","2,740,000,000","2,483,000,000","2,682,000,000","2,650,000,000","2,597,000,000","2,554,000,000","2,440,000,000","2,536,000,000",,,,,,,,,,,,,,,,,,,,,,,,,,,,,"3,022,000,000",,,,,,,,,,,,,,,,,,,,,,,,,,,,,,,,,,,,,,,,,,,,,,,,,,,,,,,,,,,,,,,,,,,,,,,,,,,,,,
				SecuritiesActivities,"3,543,000,000","860,000,000","870,000,000","934,000,000","879,000,000","875,000,000","989,000,000","1,006,000,000","973,000,000","960,000,000","967,000,000","1,061,000,000","968,000,000","883,000,000","939,000,000","1,076,000,000","928,000,000","897,000,000","916,000,000","920,000,000","1,008,000,000","3,494,000,000","3,458,000,000","3,664,000,000","3,399,000,000","3,303,000,000","3,317,000,000","3,262,000,000","3,202,000,000","3,160,000,000","3,201,000,000","3,182,000,000","3,236,000,000","3,336,000,000","3,387,000,000","3,378,000,000","3,397,000,000","3,327,000,000","3,291,000,000","3,269,000,000","3,117,000,000","2,995,000,000","3,143,000,000","3,027,000,000","2,889,000,000","2,781,000,000","2,847,000,000","2,876,000,000","2,694,000,000","3,022,000,000","3,009,000,000","3,101,000,000","2,879,000,000",,,,"3,014,000,000",,,,"1,072,000,000",,,,,,,,,,,,,,,,,,,,,,,,,,,,,,,,,,,,,,,,,,,,,,,,,,,,,,,,,,,,,,,,,,,
				CreditCard,"6,087,000,000","1,520,000,000","1,546,000,000","1,469,000,000","1,552,000,000","1,573,000,000","1,555,000,000","1,403,000,000","1,614,000,000","1,583,000,000","1,586,000,000","1,435,000,000","1,567,000,000","1,568,000,000","1,249,000,000","1,272,000,000","1,511,000,000","1,465,000,000","1,446,000,000","1,375,000,000","1,522,000,000","1,470,000,000","1,542,000,000","1,457,000,000","1,555,000,000","1,429,000,000","1,469,000,000","1,449,000,000","1,502,000,000","1,455,000,000","1,464,000,000","1,430,000,000","1,578,000,000","1,510,000,000","1,477,000,000","1,394,000,000","1,610,000,000","1,500,000,000","1,441,000,000","1,393,000,000","1,503,000,000","1,444,000,000","1,469,000,000","1,410,000,000","1,548,000,000","1,538,000,000","1,578,000,000","1,457,000,000","1,478,000,000","1,911,000,000","1,967,000,000","1,828,000,000","2,127,000,000","1,982,000,000","2,023,000,000","1,976,000,000","1,782,000,000","1,557,000,000","2,149,000,000","2,865,000,000","3,102,000,000",,,,,,,,,,,,,,,,,,,,,,,,,,,,,,,,,,,,,,,,,,,,,,,,,,,,,,,,,,,,,,,,,,,
				OtherCustomerServices,,,,,,,,,,,,,,,,,,,,,,,,,,,,,,,,,,,,,,,,,,,,,,"-790,000,000","603,000,000","-1,134,000,000","13,191,000,000","4,511,000,000","1,957,000,000","261,000,000","5,892,000,000","433,000,000",,,"9,168,000,000","-1,167,000,000",,,,,,,,,,,,,,,,,,,,,,,,,,,,,,,,,,,,,,,"1,369,000,000","1,363,000,000","1,432,000,000","1,423,000,000","1,250,000,000","178,000,000","445,000,000","450,000,000",,,,,,,,,,,,,,,,,,,,,,,,
		InvestmentBankingProfit,"4,634,000,000","1,188,000,000","1,212,000,000","1,163,000,000","1,071,000,000","1,167,000,000","1,128,000,000","1,457,000,000","2,351,000,000","2,168,000,000","2,122,000,000","2,246,000,000","1,864,000,000","1,769,000,000","2,159,000,000","1,388,000,000","1,474,000,000","1,533,000,000","1,371,000,000","1,264,000,000","1,348,000,000","1,204,000,000","1,422,000,000","1,353,000,000","1,418,000,000","1,477,000,000","1,532,000,000","1,584,000,000","1,222,000,000","1,458,000,000","1,408,000,000","1,153,000,000","1,272,000,000","1,287,000,000","1,526,000,000","1,487,000,000","1,541,000,000","1,351,000,000","1,631,000,000","1,542,000,000","1,738,000,000","1,297,000,000","1,556,000,000","1,535,000,000","1,600,000,000","3,355,000,000","2,805,000,000","2,829,000,000","1,013,000,000","2,559,000,000","-11,512,000,000","5,309,000,000","1,590,000,000","5,850,000,000","5,211,000,000","5,765,000,000","1,596,000,000","5,500,000,000","7,167,000,000","7,332,000,000","618,000,000","474,000,000","695,000,000","476,000,000","544,000,000","389,000,000","774,000,000","638,000,000","694,000,000","510,000,000","612,000,000","501,000,000",,,,,,,,,,,,,,,,,,,,,,,,,,,,,"356,000,000","376,000,000","377,000,000","310,000,000",,,,,,,,,,,,,,,,,,,,,,,,
		TradingGainLoss,"14,786,000,000","3,325,000,000","3,697,000,000","4,712,000,000","3,052,000,000","3,068,000,000","2,717,000,000","3,238,000,000","1,331,000,000","2,005,000,000","1,826,000,000","3,529,000,000","1,372,000,000","1,689,000,000","2,487,000,000","2,807,000,000","1,767,000,000","1,707,000,000","2,345,000,000","2,338,000,000","1,448,000,000","1,893,000,000","2,315,000,000","2,699,000,000","1,153,000,000","1,837,000,000","1,956,000,000","2,331,000,000","1,081,000,000","2,141,000,000","2,018,000,000","1,662,000,000","963,000,000","1,616,000,000","1,647,000,000","2,247,000,000","111,000,000","1,899,000,000","1,832,000,000","2,467,000,000","863,000,000","1,266,000,000","1,938,000,000","2,989,000,000","792,000,000","1,239,000,000","1,764,000,000","2,075,000,000","280,000,000","1,604,000,000","2,091,000,000","2,722,000,000","995,000,000","2,596,000,000",,,"1,475,000,000","4,949,000,000","2,164,000,000","5,201,000,000","-4,101,000,000",,,,,,,,,,,,,,,,,,,,,,,,,,,,,,,,,,,,,,,,,,,,,,,,,,,,,,,,,,,,,,,,,,,
		GainLossonSaleofAssets,"0","0","0","0","0","0","0","0","0","0","0","0","0","0","0","0","0","0","0","0","0","0","0","0","-131,000,000","105,000,000","331,000,000","174,000,000","519,000,000","640,000,000","579,000,000","659,000,000","532,000,000","792,000,000","1,169,000,000","962,000,000","515,000,000","704,000,000","909,000,000","788,000,000","1,238,000,000","934,000,000","1,631,000,000","1,322,000,000","-370,000,000","339,000,000","400,000,000","752,000,000","3,230,000,000","737,000,000","899,000,000","546,000,000","-664,000,000","3,479,000,000","1,264,000,000","5,970,000,000","2,049,000,000","0","632,000,000","1,498,000,000","2,285,000,000","10,000,000","127,000,000","-504,000,000","1,011,000,000","7,000,000","2,000,000","1,076,000,000","-1,560,000,000","236,000,000","637,000,000","674,000,000","71,000,000","29,000,000","325,000,000","1,058,000,000","962,000,000","732,000,000","879,000,000","628,000,000","354,000,000","258,000,000","339,000,000","205,000,000","250,000,000","-27,000,000","57,000,000","70,000,000","344,000,000","119,000,000","164,000,000","139,000,000","-63,000,000","433,000,000","140,000,000","569,000,000","14,000,000","44,000,000","52,000,000","130,000,000","-162,000,000","478,000,000","205,000,000","264,000,000","62,000,000","19,000,000","29,000,000","43,000,000","33,000,000","26,000,000","-6,000,000","14,000,000","21,000,000","3,000,000","4,000,000","1,000,000","-28,000,000","-4,000,000","5,000,000","14,000,000","0","50,000,000","22,000,000","12,000,000","-8,000,000","41,000,000","12,000,000","204,000,000"
			GainOnSaleOfSecurity,"0","0","0","0","0","0","0","0","0","0","0","0","0","0","0","0","0","0","0","0","0","0","0","0","-23,000,000","125,000,000","101,000,000","52,000,000","0","51,000,000","267,000,000","226,000,000","270,000,000","385,000,000","168,000,000","268,000,000","163,000,000","432,000,000","382,000,000","376,000,000","390,000,000","349,000,000","453,000,000","59,000,000","170,000,000","339,000,000","400,000,000","752,000,000","1,111,000,000","737,000,000","899,000,000","546,000,000","755,000,000","3,479,000,000","1,264,000,000","5,970,000,000","397,000,000","0","632,000,000","1,498,000,000","762,000,000","10,000,000","127,000,000","-504,000,000","109,000,000","7,000,000","2,000,000","1,076,000,000","-2,101,000,000","236,000,000","637,000,000","14,000,000","71,000,000","29,000,000","325,000,000","1,058,000,000","962,000,000","732,000,000","879,000,000","628,000,000","354,000,000","258,000,000","339,000,000","205,000,000","250,000,000","-27,000,000","57,000,000","70,000,000","344,000,000","119,000,000","164,000,000","139,000,000","-63,000,000","433,000,000","140,000,000","569,000,000","14,000,000","44,000,000","52,000,000","130,000,000","451,000,000","198,000,000","97,000,000","112,000,000","62,000,000","19,000,000","29,000,000","43,000,000","33,000,000","26,000,000","-6,000,000","14,000,000","21,000,000","3,000,000","4,000,000","1,000,000","-28,000,000","-4,000,000","5,000,000","14,000,000","0","50,000,000","22,000,000","12,000,000","-8,000,000","41,000,000","12,000,000","204,000,000"
			GainonSaleofLoans,,,,,,,,,,,,,,,,,,,,,,,,,"-108,000,000","-20,000,000","230,000,000","122,000,000","519,000,000","589,000,000","312,000,000","433,000,000","262,000,000","407,000,000","1,001,000,000","694,000,000","352,000,000","272,000,000","527,000,000","412,000,000","848,000,000","585,000,000","1,178,000,000","1,263,000,000","-540,000,000",,,,"2,119,000,000",,,,"-1,419,000,000",,,,"1,652,000,000",,,,"1,523,000,000",,,,,,,,,,,,,,,,,,,,,,,,,,,,,,,,,,,,,,,,,,,,,,,,,,,,,,,,,,,,,,,,,,,
			GainonSaleofInvestmentProperty,,,,,,,,,,,,,,,,,,,,,,,,,,,,,,,,,,,,,,,,,,,,,,,,,,,,,,,,,,,,,,,,,,,,,,,,"660,000,000",,,,,,,,,,,,,,,,,,,,,,,,,,,,,,"280,000,000","108,000,000","152,000,000",,,,,,,,,,,,,,,,,,,,,,,,
		OtherNonInterestIncome,"-3,023,000,000","-672,000,000","-619,000,000","-796,000,000","-936,000,000","-332,000,000","-964,000,000","-567,000,000","-824,000,000","-248,000,000","-298,000,000","-441,000,000","-587,000,000","-259,000,000","599,000,000","-491,000,000","-78,000,000","446,000,000","360,000,000","453,000,000","380,000,000","885,000,000","268,000,000","423,000,000","-375,000,000","559,000,000","1,261,000,000","472,000,000","194,000,000","628,000,000","644,000,000","418,000,000","107,000,000","763,000,000","478,000,000","492,000,000","92,000,000","293,000,000","407,000,000","412,000,000","-101,000,000","260,000,000","-76,000,000","188,000,000","-518,000,000","1,229,000,000","603,000,000","-60,000,000","140,000,000",,,,"-1,114,000,000","-7,039,000,000","16,253,000,000","18,220,000,000","-1,884,000,000",,"-302,000,000","23,261,000,000","-2,911,000,000","-265,000,000","1,461,000,000","-336,000,000","-4,413,000,000","-276,000,000","3,450,000,000","4,952,000,000","-12,701,000,000","5,431,000,000","5,119,000,000","4,736,000,000","5,694,000,000","2,174,000,000","1,467,000,000","1,671,000,000","-4,922,000,000","2,996,000,000","1,445,000,000","751,000,000","963,000,000","1,573,000,000","1,475,000,000","1,175,000,000","834,000,000","856,000,000","1,000,000,000","1,028,000,000","999,000,000","1,021,000,000","1,208,000,000","1,352,000,000","1,092,000,000","985,000,000","1,193,000,000","1,407,000,000","1,279,000,000","1,423,000,000","1,190,000,000","945,000,000","734,000,000","798,000,000","893,000,000","-455,000,000","-1,896,000,000","1,224,000,000","1,165,000,000","1,115,000,000","958,000,000","886,000,000","917,000,000","885,000,000","828,000,000","776,000,000","730,000,000","726,000,000","647,000,000","655,000,000","632,000,000","680,000,000","615,000,000","524,000,000","481,000,000","505,000,000","461,000,000","514,000,000","467,000,000","471,000,000"
CreditLossesProvision,"-4,382,000,000","-1,234,000,000","-1,125,000,000","-931,000,000","-1,092,000,000","-898,000,000","-523,000,000","-30,000,000","489,000,000","624,000,000","1,621,000,000","1,860,000,000","-53,000,000","-1,389,000,000","-5,117,000,000","-4,761,000,000","-941,000,000","-779,000,000","-857,000,000","-1,013,000,000","-905,000,000","-716,000,000","-827,000,000","-834,000,000","-1,001,000,000","-834,000,000","-726,000,000","-835,000,000","-774,000,000","-850,000,000","-976,000,000","-997,000,000","-810,000,000","-806,000,000","-780,000,000","-765,000,000","-219,000,000","-636,000,000","-411,000,000","-1,009,000,000","-336,000,000","-296,000,000","-1,211,000,000","-1,713,000,000","-2,204,000,000","-1,774,000,000","-1,773,000,000","-2,418,000,000","-2,934,000,000","-3,407,000,000","-3,255,000,000","-3,814,000,000","-5,129,000,000","-5,396,000,000","-8,105,000,000","-9,805,000,000","-10,110,000,000","-11,705,000,000","-13,375,000,000","-13,380,000,000","-8,535,000,000","-6,450,000,000","-5,830,000,000","-6,010,000,000","-3,310,000,000","-2,030,000,000","-1,810,000,000","-1,235,000,000","-1,570,000,000","-1,165,000,000","-1,005,000,000","-1,270,000,000","-1,400,000,000","-1,159,000,000","-875,000,000","-580,000,000","-706,000,000","-650,000,000","-789,000,000","-624,000,000","-583,000,000","-651,000,000","-772,000,000","-833,000,000","-1,165,000,000","-804,000,000","-888,000,000","-840,000,000","-1,401,000,000","-1,251,000,000","-800,000,000","-835,000,000","-1,210,000,000","-435,000,000","-470,000,000","-420,000,000","-350,000,000","-450,000,000","-510,000,000","-510,000,000","-510,000,000","-1,405,000,000","-265,000,000","-265,000,000","-230,000,000","-190,000,000","-190,000,000","-190,000,000","-150,000,000","-145,000,000","-155,000,000","-155,000,000","-142,000,000","-100,000,000","-70,000,000","-70,000,000","-70,000,000","-70,000,000","-70,000,000","-100,000,000","-100,000,000","-100,000,000","-110,000,000","-120,000,000","-150,000,000","-150,000,000","-150,000,000","-265,000,000"
NonInterestExpense,"63,657,000,000","15,838,000,000","16,038,000,000","16,238,000,000","15,543,000,000","15,303,000,000","15,273,000,000","15,319,000,000","14,731,000,000","14,440,000,000","15,045,000,000","15,515,000,000","13,927,000,000","14,401,000,000","13,410,000,000","13,475,000,000","13,239,000,000","15,169,000,000","13,268,000,000","13,224,000,000","13,074,000,000","13,067,000,000","13,284,000,000","13,897,000,000","13,274,000,000","13,139,000,000","13,726,000,000","14,848,000,000","13,161,000,000","13,481,000,000","13,493,000,000","14,816,000,000","13,871,000,000","13,807,000,000","13,818,000,000","15,695,000,000","14,196,000,000","19,742,000,000","18,541,000,000","22,238,000,000","17,307,000,000","16,389,000,000","16,018,000,000","18,152,000,000","18,360,000,000","17,544,000,000","17,048,000,000","19,141,000,000","18,840,000,000","17,437,000,000","20,094,000,000","20,081,000,000","18,494,000,000","16,395,000,000","16,745,000,000","17,254,000,000","15,852,000,000","15,712,000,000","16,191,000,000","16,237,000,000","10,641,000,000","11,413,000,000","9,352,000,000","9,025,000,000","10,137,000,000","8,459,000,000","9,018,000,000","8,986,000,000","8,849,000,000","8,594,000,000","8,523,000,000","8,826,000,000","7,261,000,000","7,165,000,000","6,898,000,000","6,945,000,000","7,143,000,000","6,773,000,000","7,076,000,000","5,417,000,000","5,282,000,000","5,070,000,000","5,058,000,000","4,717,000,000","4,832,000,000","4,620,000,000","4,490,000,000","4,494,000,000","4,018,000,000","5,911,000,000","4,821,000,000","4,654,000,000","4,637,000,000","4,410,000,000","4,413,000,000","4,623,000,000","4,550,000,000","4,526,000,000","4,457,000,000","4,453,000,000","3,492,000,000","5,308,000,000","2,508,000,000","2,452,000,000","2,054,000,000","1,793,000,000","1,802,000,000","1,810,000,000","1,473,000,000","1,406,000,000","1,412,000,000","1,512,000,000","1,332,000,000","1,252,000,000","1,289,000,000","1,290,000,000","1,261,000,000","1,234,000,000","1,228,000,000","1,224,000,000","1,244,000,000","1,095,000,000","1,040,000,000","1,046,000,000","1,094,000,000","1,022,000,000","1,018,000,000","1,015,000,000"
	OccupancyAndEquipment,"7,156,000,000","1,795,000,000","1,776,000,000","1,799,000,000","1,786,000,000","1,777,000,000","1,748,000,000","1,760,000,000","1,785,000,000","1,764,000,000","1,759,000,000","1,830,000,000","1,839,000,000","1,798,000,000","1,802,000,000","1,702,000,000","1,680,000,000","1,663,000,000","1,640,000,000","1,605,000,000","1,593,000,000","1,436,000,000","1,437,000,000","1,456,000,000","1,420,000,000","1,415,000,000","1,428,000,000","1,438,000,000","1,416,000,000","1,448,000,000","1,487,000,000","1,491,000,000","1,539,000,000","1,527,000,000","1,527,000,000","1,539,000,000","1,527,000,000","1,584,000,000","1,613,000,000","1,661,000,000","1,642,000,000","1,634,000,000","1,641,000,000","1,704,000,000","1,702,000,000","1,721,000,000","1,663,000,000","1,753,000,000","1,656,000,000","1,799,000,000","1,838,000,000","1,795,000,000","1,819,000,000","1,769,000,000","1,795,000,000","1,785,000,000","1,939,000,000","1,837,000,000","1,835,000,000","1,750,000,000","1,450,000,000","1,366,000,000","1,220,000,000","1,245,000,000","1,200,000,000","1,090,000,000","1,076,000,000","1,063,000,000","1,077,000,000","1,014,000,000","1,019,000,000","1,045,000,000","1,004,000,000","938,000,000","912,000,000","933,000,000","974,000,000","931,000,000","939,000,000","749,000,000","777,000,000","774,000,000","751,000,000","756,000,000","742,000,000","748,000,000","720,000,000","694,000,000","745,000,000","721,000,000","699,000,000","724,000,000","725,000,000","704,000,000","707,000,000","719,000,000","755,000,000","730,000,000","734,000,000","754,000,000","797,000,000","773,000,000","400,000,000","399,000,000",,,,,,,,,,,,,,,,,,,,,,,,
		NetOccupancyExpense,,,,,,,,,,,,,,,,,,,,,"1,015,000,000","1,015,000,000","1,022,000,000","1,014,000,000","1,009,000,000","999,000,000","1,001,000,000","1,000,000,000","969,000,000","1,005,000,000","1,036,000,000","1,028,000,000","1,011,000,000","1,028,000,000","1,027,000,000","1,027,000,000","996,000,000","1,070,000,000","1,079,000,000","1,115,000,000","1,116,000,000","1,096,000,000","1,109,000,000","1,154,000,000","1,151,000,000","1,160,000,000","1,117,000,000","1,142,000,000","1,131,000,000","1,183,000,000","1,245,000,000","1,189,000,000","1,212,000,000","1,150,000,000","1,182,000,000","1,172,000,000","1,339,000,000","1,220,000,000","1,219,000,000","1,128,000,000","1,003,000,000",,,,,,,,,,,,,,,,,,,,,,,,,,,,,,,,,,,,,,,,,,,,,,,,,,,,,,,,,,,,,,,,,,,
		Equipment,,,,,,,,,,,,,,,,,,,,,"427,000,000","421,000,000","415,000,000","442,000,000","411,000,000","416,000,000","427,000,000","438,000,000","447,000,000","443,000,000","451,000,000","463,000,000","528,000,000","499,000,000","500,000,000","512,000,000","531,000,000","514,000,000","534,000,000","546,000,000","526,000,000","538,000,000","532,000,000","550,000,000","551,000,000","561,000,000","546,000,000","611,000,000","525,000,000","616,000,000","593,000,000","606,000,000","607,000,000","619,000,000","613,000,000","613,000,000","600,000,000","617,000,000","616,000,000","622,000,000","447,000,000",,,,,,,,,,,,,,,,,,,,,,,,,,,,,,,,,,,,,,,,,,,,,,,,,,,,,,,,,,,,,,,,,,,
	ProfessionalExpenseAndContractServicesExpense,"2,258,000,000","545,000,000","527,000,000","537,000,000","649,000,000","525,000,000","518,000,000","450,000,000","512,000,000","434,000,000","426,000,000","403,000,000","488,000,000","450,000,000","381,000,000","375,000,000","442,000,000","386,000,000","409,000,000","360,000,000","480,000,000","439,000,000","399,000,000","381,000,000","471,000,000","476,000,000","485,000,000","456,000,000","538,000,000","536,000,000","472,000,000","425,000,000","676,000,000","673,000,000","494,000,000","421,000,000","677,000,000","611,000,000","626,000,000","558,000,000","839,000,000","702,000,000","694,000,000","649,000,000","996,000,000","873,000,000","922,000,000","783,000,000","1,032,000,000","937,000,000","766,000,000","646,000,000","883,000,000","651,000,000","644,000,000","517,000,000","770,000,000","562,000,000","544,000,000","405,000,000","521,000,000",,,,,,,,,,,,,,,,,,,,,,,,,,,,,,,,,,,,,,,,,,,,,,,,,,,,,,,,,,,,,,,,,,,
	SellingGeneralAndAdministration,"47,568,000,000","11,822,000,000","12,091,000,000","12,205,000,000","11,450,000,000","11,455,000,000","11,472,000,000","11,569,000,000","10,954,000,000","10,826,000,000","11,412,000,000","11,857,000,000","10,185,000,000","10,820,000,000","9,962,000,000","10,189,000,000","9,955,000,000","11,957,000,000","10,062,000,000","10,095,000,000","9,845,000,000","11,192,000,000","11,448,000,000","12,060,000,000","11,383,000,000","11,097,000,000","11,653,000,000","12,792,000,000","11,031,000,000","11,316,000,000","11,348,000,000","12,713,000,000","11,454,000,000","11,400,000,000","11,585,000,000","13,522,000,000","11,764,000,000","17,313,000,000","16,067,000,000","19,780,000,000","14,560,000,000","13,783,000,000","13,409,000,000","15,523,000,000","15,353,000,000","14,635,000,000","14,142,000,000","16,286,000,000","15,787,000,000","14,324,000,000","17,108,000,000","17,255,000,000","15,372,000,000","13,549,000,000","13,867,000,000","14,506,000,000","12,711,000,000","12,803,000,000","13,296,000,000","13,562,000,000","8,193,000,000","5,803,000,000","4,991,000,000","5,363,000,000","13,746,000,000","4,721,000,000","5,274,000,000","5,580,000,000","12,324,000,000","5,061,000,000","5,031,000,000","5,388,000,000","4,110,000,000","4,144,000,000","4,017,000,000","4,038,000,000","3,869,000,000","3,904,000,000","4,006,000,000","3,043,000,000","2,965,000,000","2,844,000,000","2,933,000,000","2,689,000,000","2,685,000,000","2,578,000,000","2,556,000,000","2,616,000,000","2,756,000,000","2,469,000,000","2,708,000,000","2,578,000,000","2,480,000,000","2,445,000,000","2,443,000,000","2,653,000,000","2,476,000,000","2,481,000,000","2,408,000,000","2,480,000,000","2,436,000,000","2,389,000,000","1,348,000,000","1,326,000,000",,,,,,,,,,,,,,,,,,,,,,,,
		GeneralAndAdministrativeExpense,"42,006,000,000","10,441,000,000","10,622,000,000","10,857,000,000","10,086,000,000","10,058,000,000","10,085,000,000","10,239,000,000","9,602,000,000","9,492,000,000","9,626,000,000","10,509,000,000","8,807,000,000","9,582,000,000","8,659,000,000","8,974,000,000","8,736,000,000","10,821,000,000","8,825,000,000","8,991,000,000","8,624,000,000","10,771,000,000","11,053,000,000","11,715,000,000","10,872,000,000","10,636,000,000","11,211,000,000","12,460,000,000","10,571,000,000","10,906,000,000","10,934,000,000","12,294,000,000","10,973,000,000","10,955,000,000","11,140,000,000","13,082,000,000","11,273,000,000","16,867,000,000","15,617,000,000","19,338,000,000","14,103,000,000","13,272,000,000","12,972,000,000","15,094,000,000","14,873,000,000","14,156,000,000","13,693,000,000","15,821,000,000","15,264,000,000","13,768,000,000","16,548,000,000","16,691,000,000","14,888,000,000","13,052,000,000","13,372,000,000","14,019,000,000","12,268,000,000","12,333,000,000","12,797,000,000","13,041,000,000","7,638,000,000","5,198,000,000","4,420,000,000","4,726,000,000","13,034,000,000","4,169,000,000","4,737,000,000","5,025,000,000","11,701,000,000","4,474,000,000","4,480,000,000","4,813,000,000","3,845,000,000","3,837,000,000","3,671,000,000","3,701,000,000","3,532,000,000","3,540,000,000","3,639,000,000","2,762,000,000","2,697,000,000","2,595,000,000","2,695,000,000","2,459,000,000","2,482,000,000","2,368,000,000","2,386,000,000","2,446,000,000","2,590,000,000","2,304,000,000","2,534,000,000","2,401,000,000","2,257,000,000","2,298,000,000","2,311,000,000","2,534,000,000","2,378,000,000","2,336,000,000","2,261,000,000","2,333,000,000","2,301,000,000","2,246,000,000","1,265,000,000","1,238,000,000",,,,,,,,,,,,,,,,,,,,,,,,
			SalariesAndWages,"38,031,000,000","9,551,000,000","9,401,000,000","9,918,000,000","9,161,000,000","8,887,000,000","8,917,000,000","9,482,000,000","9,037,000,000","8,714,000,000","8,653,000,000","9,736,000,000","8,190,000,000","8,200,000,000","7,994,000,000","8,341,000,000","7,977,000,000","7,779,000,000","7,972,000,000","8,249,000,000","7,735,000,000","7,721,000,000","7,944,000,000","8,480,000,000","7,533,000,000","7,483,000,000","7,712,000,000","9,158,000,000","7,338,000,000","7,704,000,000","7,722,000,000","8,852,000,000","7,535,000,000","7,829,000,000","7,890,000,000","9,614,000,000","7,693,000,000","8,039,000,000","8,306,000,000","9,749,000,000","7,987,000,000","8,310,000,000","8,531,000,000","9,891,000,000","8,300,000,000","8,431,000,000","8,729,000,000","10,188,000,000","8,761,000,000","8,865,000,000","9,171,000,000","10,168,000,000","8,800,000,000","8,402,000,000","8,789,000,000","9,158,000,000","7,357,000,000","7,613,000,000","7,790,000,000","8,768,000,000","4,027,000,000","5,198,000,000","4,420,000,000","4,726,000,000","4,822,000,000","4,169,000,000","4,737,000,000","5,025,000,000","4,444,000,000","4,474,000,000","4,480,000,000","4,813,000,000","3,845,000,000","3,837,000,000","3,671,000,000","3,701,000,000","3,532,000,000","3,540,000,000","3,639,000,000","2,762,000,000","2,697,000,000","2,595,000,000","2,695,000,000","2,459,000,000","2,482,000,000","2,368,000,000","2,386,000,000","2,446,000,000","2,590,000,000","2,304,000,000","2,534,000,000","2,401,000,000","2,257,000,000","2,298,000,000","2,311,000,000","2,534,000,000","2,378,000,000","2,336,000,000","2,261,000,000","2,333,000,000","2,301,000,000","2,246,000,000","1,265,000,000","1,238,000,000",,,,,,,,,,,,,,,,,,,,,,,,
			RentAndLandingFees,,,,,,,,,,,,,,,,,,,,,,,,,,,,,,,,,,,,,,,,,,,,,,"561,000,000",,,,,,,,,,,,,,,,,,,,,,,,,,,,,,,,,,,,,,,,,,,,,,,,,,,,,,,,,,,,,,,,,,,,,,,,,,,,,,,,,,
			OtherGandA,"3,975,000,000","890,000,000","1,221,000,000","939,000,000","925,000,000","1,171,000,000","1,168,000,000","757,000,000","565,000,000","778,000,000","973,000,000","773,000,000","617,000,000","1,382,000,000","665,000,000","633,000,000","759,000,000","3,042,000,000","853,000,000","742,000,000","889,000,000","3,050,000,000","3,109,000,000","3,235,000,000","3,339,000,000","3,153,000,000","3,499,000,000","3,302,000,000","3,233,000,000","3,202,000,000","3,212,000,000","3,442,000,000","3,438,000,000","3,126,000,000","3,250,000,000","3,468,000,000","3,580,000,000","8,828,000,000","7,311,000,000","9,589,000,000","6,116,000,000","4,962,000,000","4,441,000,000","5,203,000,000","6,573,000,000","5,725,000,000","4,964,000,000","5,633,000,000","6,503,000,000","4,903,000,000","7,377,000,000","6,523,000,000","6,088,000,000","4,650,000,000","4,583,000,000","4,861,000,000","4,911,000,000","4,720,000,000","5,007,000,000","4,273,000,000","3,611,000,000",,,,,,,,,,,,,,,,,,,,,,,,,,,,,,,,,,,,,,,,,,,,,,,,,,,,,,,,,,,,,,,,,,,
		SellingAndMarketingExpense,"5,562,000,000","1,381,000,000","1,469,000,000","1,348,000,000","1,364,000,000","1,397,000,000","1,387,000,000","1,330,000,000","1,352,000,000","1,334,000,000","1,786,000,000","1,348,000,000","1,378,000,000","1,238,000,000","1,303,000,000","1,215,000,000","1,219,000,000","1,136,000,000","1,237,000,000","1,104,000,000","1,221,000,000","421,000,000","395,000,000","345,000,000","511,000,000","461,000,000","442,000,000","332,000,000","460,000,000","410,000,000","414,000,000","419,000,000","481,000,000","445,000,000","445,000,000","440,000,000","491,000,000","446,000,000","450,000,000","442,000,000","457,000,000","511,000,000","437,000,000","429,000,000","480,000,000","479,000,000","449,000,000","465,000,000","523,000,000","556,000,000","560,000,000","564,000,000","484,000,000","497,000,000","495,000,000","487,000,000","443,000,000","470,000,000","499,000,000","521,000,000","555,000,000","605,000,000","571,000,000","637,000,000","712,000,000","552,000,000","537,000,000","555,000,000","623,000,000","587,000,000","551,000,000","575,000,000","265,000,000","307,000,000","346,000,000","337,000,000","337,000,000","364,000,000","367,000,000","281,000,000","268,000,000","249,000,000","238,000,000","230,000,000","203,000,000","210,000,000","170,000,000","170,000,000","166,000,000","165,000,000","174,000,000","177,000,000","223,000,000","147,000,000","132,000,000","119,000,000","98,000,000","145,000,000","147,000,000","147,000,000","135,000,000","143,000,000","83,000,000","88,000,000",,,,,,,,,,,,,,,,,,,,,,,,
	DepreciationAmortizationDepletionIncomeStatement,,,,,,,,,,,,,,,,,,,,,,,,,,"151,000,000","160,000,000","162,000,000","176,000,000","181,000,000","186,000,000","187,000,000","202,000,000","207,000,000","212,000,000","213,000,000","228,000,000","234,000,000","235,000,000","239,000,000","266,000,000","270,000,000","274,000,000","276,000,000","309,000,000","315,000,000","321,000,000","319,000,000","365,000,000","377,000,000","382,000,000","385,000,000","420,000,000","426,000,000","439,000,000","446,000,000","432,000,000","510,000,000","516,000,000","520,000,000","477,000,000",,,,,,,,,,,,,,,,,,,,,,,,,,,,,,,,,,,,,,,,,,,,,,,,,,,,,,,,,,,,,,,,,,,
		DepreciationAndAmortizationInIncomeStatement,,,,,,,,,,,,,,,,,,,,,,,,,,"151,000,000","160,000,000","162,000,000","176,000,000","181,000,000","186,000,000","187,000,000","202,000,000","207,000,000","212,000,000","213,000,000","228,000,000","234,000,000","235,000,000","239,000,000","266,000,000","270,000,000","274,000,000","276,000,000","309,000,000","315,000,000","321,000,000","319,000,000","365,000,000","377,000,000","382,000,000","385,000,000","420,000,000","426,000,000","439,000,000","446,000,000","432,000,000","510,000,000","516,000,000","520,000,000","477,000,000",,,,,,,,,,,,,,,,,,,,,,,,,,,,,,,,,,,,,,,,,,,,,,,,,,,,,,,,,,,,,,,,,,,
			Amortization,,,,,,,,,,,,,,,,,,,,,,,,,,"151,000,000","160,000,000","162,000,000","176,000,000","181,000,000","186,000,000","187,000,000","202,000,000","207,000,000","212,000,000","213,000,000","228,000,000","234,000,000","235,000,000","239,000,000","266,000,000","270,000,000","274,000,000","276,000,000","309,000,000","315,000,000","321,000,000","319,000,000","365,000,000","377,000,000","382,000,000","385,000,000","420,000,000","426,000,000","439,000,000","446,000,000","432,000,000","510,000,000","516,000,000","520,000,000","477,000,000",,,,,,,,,,,,,,,,,,,,,,,,,,,,,,,,,,,,,,,,,,,,,,,,,,,,,,,,,,,,,,,,,,,
				AmortizationOfIntangiblesIncomeStatement,,,,,,,,,,,,,,,,,,,,,,,,,,"151,000,000","160,000,000","162,000,000","176,000,000","181,000,000","186,000,000","187,000,000","202,000,000","207,000,000","212,000,000","213,000,000","228,000,000","234,000,000","235,000,000","239,000,000","266,000,000","270,000,000","274,000,000","276,000,000","309,000,000","315,000,000","321,000,000","319,000,000","365,000,000","377,000,000","382,000,000","385,000,000","420,000,000","426,000,000","439,000,000","446,000,000","432,000,000","510,000,000","516,000,000","520,000,000","477,000,000",,,,,,,,,,,,,,,,,,,,,,,,,,,,,,,,,,,,,,,,,,,,,,,,,,,,,,,,,,,,,,,,,,,
	OtherNonInterestExpense,"6,675,000,000","1,676,000,000","1,644,000,000","1,697,000,000","1,658,000,000","1,546,000,000","1,535,000,000","1,540,000,000","1,480,000,000","1,416,000,000","1,448,000,000","1,425,000,000","1,415,000,000","1,333,000,000","1,265,000,000","1,209,000,000","1,162,000,000","1,163,000,000","1,157,000,000","1,164,000,000","1,156,000,000",,,,"375,000,000",,,,,,,,,,,,,,,,"101,000,000",,,,"518,000,000","1,050,000,000",,,"-140,000,000",,,,"1,114,000,000",,"16,745,000,000","17,254,000,000","1,884,000,000",,,"16,237,000,000","2,911,000,000","4,244,000,000","3,141,000,000","2,417,000,000","-9,053,000,000","2,648,000,000","2,668,000,000","2,343,000,000","2,705,000,000","2,519,000,000","2,473,000,000","2,393,000,000","2,147,000,000","2,083,000,000","1,969,000,000","1,974,000,000","2,300,000,000","1,938,000,000","2,131,000,000","1,625,000,000","1,540,000,000","1,452,000,000","1,374,000,000","1,272,000,000","1,405,000,000","1,294,000,000","1,214,000,000","1,184,000,000","517,000,000","2,721,000,000","1,414,000,000","1,352,000,000","1,432,000,000","1,261,000,000","1,263,000,000","1,251,000,000","1,319,000,000","1,315,000,000","1,315,000,000","1,219,000,000","259,000,000","2,146,000,000","760,000,000","727,000,000",,,,,,,,,,,,,,,,,,,,,,,,
IncomefromAssociatesandOtherParticipatingInterests,,,,,,,,,,,,,,,,,,,,,,,,,,,,,,,,,"177,000,000","-31,000,000","88,000,000","27,000,000","-20,000,000","9,000,000","357,000,000","784,000,000","474,000,000","1,184,000,000","680,000,000","563,000,000","699,000,000","238,000,000","368,000,000","765,000,000","3,227,000,000","1,446,000,000","1,212,000,000","1,475,000,000","1,512,000,000","357,000,000","2,766,000,000","625,000,000","2,026,000,000","843,000,000","5,943,000,000","1,202,000,000","-791,000,000",,,,,,,,,,,,,,,,,,,,,,,,,,,,,,,,,,,,,,,,,,,,,,,,,,,,,,,,,,,,,,,,,,,
SpecialIncomeCharges,,,,,,,,,,,,,,,,,,,,,,,,,,,,,,,,,,,,"-370,000,000",,,,,,,,,"0","-6,000,000","-6,000,000","-40,000,000","-682,000,000","-261,000,000","-2,807,000,000","-290,000,000","-2,370,000,000","-10,944,000,000","-508,000,000","-521,000,000","-533,000,000","-1,391,000,000","-829,000,000","-765,000,000","-306,000,000","-247,000,000","-212,000,000","-170,000,000","-140,000,000","-84,000,000","-75,000,000","-111,000,000","-244,000,000","-269,000,000","-194,000,000","-98,000,000","-59,000,000","-120,000,000","-121,000,000","-112,000,000","-272,000,000","-221,000,000","-125,000,000",,,,,,,,,,,,,,"0","-550,000,000",,,"-325,000,000",,"-200,000,000",,,,,,,,,,,,,,,,,,,,,,,,,,,,,
	RestructuringAndMergernAcquisition,,,,,,,,,,,,,,,,,,,,,,,,,,,,,,,,,,,,,,,,,,,,,"0","0","0","0","101,000,000","176,000,000","159,000,000","202,000,000","370,000,000","421,000,000","508,000,000","521,000,000","533,000,000","594,000,000","829,000,000","765,000,000","306,000,000","247,000,000","212,000,000","170,000,000","140,000,000","84,000,000","75,000,000","111,000,000","244,000,000","269,000,000","194,000,000","98,000,000","59,000,000","120,000,000","121,000,000","112,000,000","272,000,000","221,000,000",,,,,,,,,,,,,,,"0","550,000,000",,,,,,,,,,,,,,,,,,,,,,,,,,,,,,,,,,
	ImpairmentOfCapitalAssets,,,,,,,,,,,,,,,,,,,,,,,,,,,,,,,,,,,,,,,,,,,,,"0","6,000,000","6,000,000","40,000,000","581,000,000","85,000,000","2,648,000,000","88,000,000","2,000,000,000","10,523,000,000","126,000,000","601,000,000",,"797,000,000",,,,,,,,,,,,,,,,,,,,,,,,,,,,,,,,,,,,,,,,,,,,,,,,,,,,,,,,,,,,,,,,,,,,,,
	OtherSpecialCharges,,,,,,,,,,,,,,,,,,,,,,,,,,,,,,,,,,,,"370,000,000",,,,,,,,,,,,,,,,,,,,,,,,,,,,,,,,,,,,,,,,,,,,,,,,,,,,,,,,,,,,,,,,,,,,,,,,,,,,,,,,,,,,,,,,,,,,
OtherNonOperatingIncomeExpenses,,,,,,,,,,,,,,,,,,,,,,,,,,,,,,,,,,,,,,,,,,,,,,"6,000,000","6,000,000","40,000,000",,"85,000,000","45,000,000","88,000,000","117,000,000","123,000,000","126,000,000","601,000,000",,"797,000,000",,,,,,,,,,,,,,,,,,,,,,,,,,,,,,,,,,,,,,,,,,,,,,,,,,,,,,,,,,,,,,,,,,,,,,
PretaxIncome,"33,115,000,000","8,095,000,000","8,034,000,000","9,089,000,000","7,897,000,000","8,301,000,000","6,892,000,000","7,879,000,000","7,818,000,000","8,950,000,000","8,042,000,000","9,166,000,000","6,119,000,000","4,546,000,000","3,799,000,000","4,531,000,000","8,169,000,000","6,859,000,000","8,959,000,000","8,767,000,000","8,698,000,000","8,994,000,000","8,498,000,000","8,394,000,000","6,161,000,000","7,866,000,000","8,377,000,000","6,565,000,000","6,055,000,000","7,304,000,000","5,929,000,000","3,699,000,000","4,847,000,000","6,069,000,000","7,519,000,000","4,742,000,000","4,310,000,000","831,000,000","2,795,000,000","-681,000,000","3,845,000,000","4,845,000,000","5,498,000,000","3,632,000,000","-1,904,000,000","1,110,000,000","3,147,000,000","719,000,000","2,432,000,000","7,433,000,000","-12,875,000,000","2,780,000,000","-3,595,000,000","-5,912,000,000","3,795,000,000","4,389,000,000","-1,419,000,000","-1,976,000,000","2,379,000,000","5,376,000,000","-3,802,000,000","1,511,000,000","4,921,000,000","1,798,000,000","-915,000,000","5,356,000,000","8,660,000,000","7,823,000,000","7,823,000,000","8,156,000,000","8,497,000,000","7,497,000,000","4,798,000,000","6,192,000,000","6,446,000,000","7,044,000,000","5,775,000,000","5,648,000,000","5,826,000,000","3,971,000,000","3,903,000,000","4,255,000,000","4,086,000,000","3,617,000,000","3,111,000,000","3,287,000,000","3,290,000,000","3,303,000,000","2,484,000,000","1,568,000,000","3,143,000,000","2,922,000,000","2,147,000,000","2,854,000,000","3,254,000,000","3,533,000,000","2,860,000,000","3,346,000,000","3,019,000,000","2,990,000,000","1,871,000,000","416,000,000","2,135,000,000","836,000,000","1,266,000,000","1,232,000,000","1,190,000,000","1,108,000,000","958,000,000","956,000,000","931,000,000","789,000,000","788,000,000","818,000,000","711,000,000","674,000,000","588,000,000","653,000,000","656,000,000","658,000,000","574,000,000","527,000,000","464,000,000","426,000,000","285,000,000","420,000,000","309,000,000","382,000,000"
TaxProvision,"2,612,000,000","293,000,000","626,000,000","928,000,000","765,000,000","1,219,000,000","645,000,000","812,000,000","805,000,000","1,259,000,000","-1,182,000,000","1,116,000,000","649,000,000","-335,000,000","266,000,000","521,000,000","1,175,000,000","1,082,000,000","1,611,000,000","1,456,000,000","1,420,000,000","1,827,000,000","1,714,000,000","1,476,000,000","3,796,000,000","2,279,000,000","3,108,000,000","1,709,000,000","1,359,000,000","2,349,000,000","1,697,000,000","1,019,000,000","1,511,000,000","1,561,000,000","2,199,000,000","1,385,000,000","1,260,000,000","663,000,000","504,000,000","-405,000,000","406,000,000","2,348,000,000","1,486,000,000","1,009,000,000","-2,636,000,000","770,000,000","684,000,000","66,000,000","441,000,000","1,201,000,000","-4,049,000,000","731,000,000","-2,351,000,000","1,387,000,000","672,000,000","1,207,000,000","-1,225,000,000","-975,000,000","-845,000,000","1,129,000,000","-2,013,000,000","334,000,000","1,511,000,000","588,000,000","-1,183,000,000","1,658,000,000","2,899,000,000","2,568,000,000","2,567,000,000","2,740,000,000","3,022,000,000","2,511,000,000","1,451,000,000","2,065,000,000","2,150,000,000","2,349,000,000","1,926,000,000","1,884,000,000","1,977,000,000","1,291,000,000","1,177,000,000","1,333,000,000","1,348,000,000","1,193,000,000","497,000,000","1,052,000,000","1,069,000,000","1,124,000,000","426,000,000","727,000,000","1,120,000,000","1,052,000,000","762,000,000","1,025,000,000","1,191,000,000","1,293,000,000","958,000,000","1,195,000,000","1,104,000,000","1,076,000,000","709,000,000","42,000,000","727,000,000","339,000,000","448,000,000","444,000,000","428,000,000","399,000,000","326,000,000","331,000,000","326,000,000","276,000,000","278,000,000","288,000,000","244,000,000","231,000,000","183,000,000","222,000,000","219,000,000","241,000,000","201,000,000","186,000,000","158,000,000","145,000,000","51,000,000","70,000,000","58,000,000","72,000,000"
NetIncomeCommonStockholders,"28,932,000,000","7,270,000,000","7,102,000,000","7,656,000,000","6,904,000,000","6,579,000,000","5,932,000,000","6,600,000,000","6,773,000,000","7,260,000,000","8,964,000,000","7,560,000,000","5,208,000,000","4,440,000,000","3,284,000,000","3,541,000,000","6,748,000,000","5,272,000,000","7,109,000,000","6,869,000,000","7,039,000,000","6,701,000,000","6,466,000,000","6,490,000,000","2,079,000,000","5,122,000,000","4,908,000,000","4,354,000,000","4,335,000,000","4,452,000,000","3,871,000,000","2,223,000,000","3,006,000,000","4,067,000,000","4,990,000,000","2,975,000,000","2,738,000,000","-70,000,000","2,035,000,000","-514,000,000","3,183,000,000","2,218,000,000","3,571,000,000","2,250,000,000","367,000,000","-33,000,000","2,098,000,000","328,000,000","1,584,000,000","5,889,000,000","-9,127,000,000","1,739,000,000","-1,565,000,000","-7,647,000,000","2,783,000,000","2,834,000,000","-5,196,000,000","-2,241,000,000","2,419,000,000","2,814,000,000","-2,392,000,000","704,000,000","3,224,000,000","1,020,000,000","215,000,000","3,655,000,000","5,721,000,000","5,255,000,000","5,243,000,000","5,416,000,000","5,471,000,000","4,986,000,000","3,343,000,000","4,122,000,000","4,292,000,000","4,690,000,000","3,844,000,000","3,759,000,000","3,844,000,000","2,679,000,000","2,725,000,000","2,921,000,000","2,737,000,000","2,423,000,000","2,613,000,000","2,233,000,000","2,220,000,000","2,178,000,000","2,057,000,000","839,000,000","2,022,000,000","1,869,000,000","1,383,000,000","1,828,000,000","2,061,000,000","2,239,000,000","1,901,000,000","2,149,000,000","1,914,000,000","1,912,000,000","1,161,000,000","372,000,000","1,407,000,000","493,000,000","816,000,000","786,000,000","759,000,000","705,000,000","628,000,000","622,000,000","601,000,000","509,000,000","508,000,000","528,000,000","465,000,000","441,000,000","403,000,000","428,000,000","435,000,000","414,000,000","370,000,000","338,000,000","304,000,000","479,000,000","232,000,000","343,000,000","244,000,000","302,000,000"
	NetIncome,"30,503,000,000","7,802,000,000","7,408,000,000","8,161,000,000","7,132,000,000","7,082,000,000","6,247,000,000","7,067,000,000","7,013,000,000","7,691,000,000","9,224,000,000","8,050,000,000","5,470,000,000","4,881,000,000","3,533,000,000","4,010,000,000","6,994,000,000","5,777,000,000","7,348,000,000","7,311,000,000","7,278,000,000","7,167,000,000","6,784,000,000","6,918,000,000","2,365,000,000","5,587,000,000","5,269,000,000","4,856,000,000","4,696,000,000","4,955,000,000","4,232,000,000","2,680,000,000","3,336,000,000","4,508,000,000","5,320,000,000","3,357,000,000","3,050,000,000","168,000,000","2,291,000,000","-276,000,000","3,439,000,000","2,497,000,000","4,012,000,000","2,623,000,000","732,000,000","340,000,000","2,463,000,000","653,000,000","1,991,000,000","6,232,000,000","-8,826,000,000","2,049,000,000","-1,244,000,000","-7,299,000,000","3,123,000,000","3,182,000,000","-194,000,000","-1,001,000,000","3,224,000,000","4,247,000,000","-1,789,000,000","1,177,000,000","3,410,000,000","1,210,000,000","268,000,000","3,698,000,000","5,761,000,000","5,255,000,000","5,256,000,000","5,416,000,000","5,475,000,000","4,986,000,000","3,347,000,000","4,127,000,000","4,296,000,000","4,695,000,000","3,849,000,000","3,764,000,000","3,849,000,000","2,680,000,000","2,726,000,000","2,922,000,000","2,738,000,000","2,424,000,000","2,614,000,000","2,235,000,000","2,221,000,000","2,179,000,000","2,058,000,000","841,000,000","2,023,000,000","1,870,000,000","1,385,000,000","1,829,000,000","2,063,000,000","2,240,000,000","1,902,000,000","2,151,000,000","1,915,000,000","1,914,000,000","1,162,000,000","374,000,000","1,408,000,000","497,000,000","818,000,000","788,000,000","762,000,000","709,000,000","632,000,000","625,000,000","605,000,000","513,000,000","510,000,000","530,000,000","467,000,000","443,000,000","405,000,000","431,000,000","437,000,000","417,000,000","373,000,000","341,000,000","306,000,000","481,000,000","234,000,000","350,000,000","251,000,000","310,000,000"
		NetIncomeIncludingNoncontrollingInterests,"30,503,000,000","7,802,000,000","7,408,000,000","8,161,000,000","7,132,000,000","7,082,000,000","6,247,000,000","7,067,000,000","7,013,000,000","7,691,000,000","9,224,000,000","8,050,000,000","5,470,000,000","4,881,000,000","3,533,000,000","4,010,000,000","6,994,000,000","5,777,000,000","7,348,000,000","7,311,000,000","7,278,000,000","7,167,000,000","6,784,000,000","6,918,000,000","2,365,000,000","5,587,000,000","5,269,000,000","4,856,000,000","4,696,000,000","4,955,000,000","4,232,000,000","2,680,000,000","3,336,000,000","4,508,000,000","5,320,000,000","3,357,000,000","3,050,000,000","168,000,000","2,291,000,000","-276,000,000","3,439,000,000","2,497,000,000","4,012,000,000","2,623,000,000","732,000,000","340,000,000","2,463,000,000","653,000,000","1,991,000,000","6,232,000,000","-8,826,000,000","2,049,000,000","-1,244,000,000","-7,299,000,000","3,123,000,000","3,182,000,000","-194,000,000","-1,001,000,000","3,224,000,000","4,247,000,000","-1,789,000,000","1,177,000,000","3,410,000,000","1,210,000,000","268,000,000","3,698,000,000","5,761,000,000","5,255,000,000","5,256,000,000","5,416,000,000","5,475,000,000","4,986,000,000","3,347,000,000","4,127,000,000","4,296,000,000","4,695,000,000","3,849,000,000","3,764,000,000","3,849,000,000","2,680,000,000","2,726,000,000","2,922,000,000","2,738,000,000","2,424,000,000","2,614,000,000","2,235,000,000","2,221,000,000","2,179,000,000","2,058,000,000","841,000,000","2,023,000,000","1,870,000,000","1,385,000,000","1,829,000,000","2,063,000,000","2,240,000,000","1,902,000,000","2,151,000,000","1,915,000,000","1,914,000,000","1,162,000,000","374,000,000","1,408,000,000","497,000,000","818,000,000","788,000,000","762,000,000","709,000,000","632,000,000","625,000,000","605,000,000","513,000,000","510,000,000","530,000,000","467,000,000","443,000,000","405,000,000","431,000,000","437,000,000","417,000,000","373,000,000","341,000,000","306,000,000","481,000,000","234,000,000","350,000,000","251,000,000","310,000,000"
			NetIncomeContinuousOperations,"30,503,000,000","7,802,000,000","7,408,000,000","8,161,000,000","7,132,000,000","7,082,000,000","6,247,000,000","7,067,000,000","7,013,000,000","7,691,000,000","9,224,000,000","8,050,000,000","5,470,000,000","4,881,000,000","3,533,000,000","4,010,000,000","6,994,000,000","5,777,000,000","7,348,000,000","7,311,000,000","7,278,000,000","7,167,000,000","6,784,000,000","6,918,000,000","2,365,000,000","5,587,000,000","5,269,000,000","4,856,000,000","4,696,000,000","4,955,000,000","4,232,000,000","2,680,000,000","3,336,000,000","4,508,000,000","5,320,000,000","3,357,000,000","3,050,000,000","168,000,000","2,291,000,000","-276,000,000","3,439,000,000","2,497,000,000","4,012,000,000","2,623,000,000","732,000,000","340,000,000","2,463,000,000","653,000,000","1,991,000,000","6,232,000,000","-8,826,000,000","2,049,000,000","-1,244,000,000","-7,299,000,000","3,123,000,000","3,182,000,000","-194,000,000","-1,001,000,000","3,224,000,000","4,247,000,000","-1,789,000,000","1,177,000,000","3,410,000,000","1,210,000,000","268,000,000","3,698,000,000","5,761,000,000","5,255,000,000","5,256,000,000","5,416,000,000","5,475,000,000","4,986,000,000","3,347,000,000","4,127,000,000","4,296,000,000","4,695,000,000","3,849,000,000","3,764,000,000","3,849,000,000","2,680,000,000","2,726,000,000","2,922,000,000","2,738,000,000","2,424,000,000","2,614,000,000","2,235,000,000","2,221,000,000","2,179,000,000","2,058,000,000","841,000,000","2,023,000,000","1,870,000,000","1,385,000,000","1,829,000,000","2,063,000,000","2,240,000,000","1,902,000,000","2,151,000,000","1,915,000,000","1,914,000,000","1,162,000,000","374,000,000","1,408,000,000","497,000,000","818,000,000","788,000,000","762,000,000","709,000,000","632,000,000","625,000,000","605,000,000","513,000,000","510,000,000","530,000,000","467,000,000","443,000,000","405,000,000","431,000,000","437,000,000","417,000,000","373,000,000","341,000,000","306,000,000","281,000,000","234,000,000","350,000,000","251,000,000","310,000,000"
			NetIncomeExtraordinary,,,,,,,,,,,,,,,,,,,,,,,,,,,,,,,,,,,,,,,,,,,,,,,,,,,,,,,,,,,,,,,,,,,,,,,,,,,,,,,,,,,,,,,,,,,,,,,,,,,,,,,,,,,,,,,,,,,,,,,,,"0",,,"200,000,000",,,,
	PreferredStockDividends,"1,571,000,000","532,000,000","306,000,000","505,000,000","228,000,000","503,000,000","315,000,000","467,000,000","240,000,000","431,000,000","260,000,000","490,000,000","262,000,000","441,000,000","249,000,000","469,000,000","246,000,000","505,000,000","239,000,000","442,000,000","239,000,000","466,000,000","318,000,000","428,000,000","286,000,000","465,000,000","361,000,000","502,000,000","361,000,000","503,000,000","361,000,000","457,000,000","330,000,000","441,000,000","330,000,000","382,000,000","312,000,000","238,000,000","256,000,000","238,000,000","256,000,000","279,000,000","441,000,000","373,000,000","365,000,000","373,000,000","365,000,000","325,000,000","407,000,000","343,000,000","301,000,000","310,000,000","321,000,000","348,000,000","340,000,000","348,000,000","5,002,000,000","1,240,000,000","-805,000,000","1,433,000,000","603,000,000","473,000,000","186,000,000","190,000,000","53,000,000","43,000,000","40,000,000",,"13,000,000",,"4,000,000",,"4,000,000","5,000,000","4,000,000","5,000,000","5,000,000","5,000,000","5,000,000","1,000,000","1,000,000","1,000,000","1,000,000","1,000,000","1,000,000","2,000,000","1,000,000","1,000,000","1,000,000","2,000,000","1,000,000","1,000,000","2,000,000","1,000,000","2,000,000","1,000,000","1,000,000","2,000,000","1,000,000","2,000,000","1,000,000","2,000,000","1,000,000","4,000,000","2,000,000","2,000,000","3,000,000","4,000,000","4,000,000","3,000,000","4,000,000","4,000,000","2,000,000","2,000,000","2,000,000","2,000,000","2,000,000","3,000,000","2,000,000","3,000,000","3,000,000","3,000,000","2,000,000","2,000,000","2,000,000","7,000,000","7,000,000","8,000,000"
AverageDilutionEarnings,,,,,,"0",,,,,,,,,,,,,,,,,,,,"36,000,000","75,000,000","75,000,000","75,000,000","75,000,000","75,000,000","75,000,000",,"75,000,000","75,000,000","75,000,000","0","0","0",,"0","-1,000,000","-1,000,000","0",,,,,,,,,,,,,,,,,,,,,,,,,,,,,,,,,,,,,,,,,,,,,,,,,,,,,,,,,,,,,,,,,,,,,,,,,,,,,,,,,,,,
DilutedNIAvailtoComStockholders,"28,932,000,000","7,270,000,000","7,102,000,000","7,656,000,000","6,904,000,000","6,579,000,000","5,932,000,000","6,600,000,000","6,773,000,000","7,260,000,000","8,964,000,000","7,560,000,000","5,208,000,000","4,440,000,000","3,284,000,000","3,541,000,000","6,748,000,000","5,272,000,000","7,109,000,000","6,869,000,000","7,039,000,000","6,701,000,000","6,466,000,000","6,490,000,000","2,079,000,000","5,122,000,000","4,908,000,000","4,354,000,000","4,335,000,000","4,452,000,000","3,871,000,000","2,298,000,000","3,006,000,000","4,067,000,000","4,990,000,000","2,975,000,000","2,738,000,000","-70,000,000","2,035,000,000","-514,000,000","3,183,000,000","2,218,000,000","3,571,000,000","2,250,000,000","367,000,000","-33,000,000","2,098,000,000","328,000,000","1,584,000,000","5,889,000,000","-9,127,000,000","1,739,000,000","-1,565,000,000","-7,647,000,000","2,783,000,000","2,834,000,000","-5,196,000,000","-2,241,000,000","2,419,000,000","2,814,000,000","-2,392,000,000","704,000,000","3,224,000,000","1,020,000,000","215,000,000","3,655,000,000","5,721,000,000","5,255,000,000","5,243,000,000","5,416,000,000","5,471,000,000","4,986,000,000","3,343,000,000","4,122,000,000","4,292,000,000","4,690,000,000","3,844,000,000","3,759,000,000","3,844,000,000","2,679,000,000","2,725,000,000","2,921,000,000","2,737,000,000","2,423,000,000","2,613,000,000","2,233,000,000","2,220,000,000","2,178,000,000","2,057,000,000","839,000,000","2,022,000,000","1,869,000,000","1,383,000,000","1,828,000,000","2,061,000,000","2,239,000,000","1,901,000,000","2,149,000,000","1,914,000,000","1,912,000,000","1,161,000,000","372,000,000","1,407,000,000","493,000,000","816,000,000","786,000,000","759,000,000","705,000,000","628,000,000","622,000,000","601,000,000","509,000,000","508,000,000","528,000,000","465,000,000","441,000,000","403,000,000","428,000,000","435,000,000","414,000,000","370,000,000","338,000,000","304,000,000","479,000,000","232,000,000","343,000,000","244,000,000","302,000,000"
BasicEPS,,"0.91","0.88","0.95","0.85","0.81","0.73","0.81","0.82","0.86","1.04","0.87","0.6","0.51","0.38","0.4","0.75","0.57","0.75","0.71","0.71","0.67","0.64","0.63","0.2","0.49","0.47","0.48","0.43","0.43","0.43","0.29","0.29","0.4","0.46","0.26","0.26","-0.04","0.19","-0.05","0.3","0.21","0.33","0.1","0.03","-0.003","0.19","0.03","0.15","0.58","-0.9","0.17","-0.16","-0.77","0.28","0.28","-0.6","-0.26","0.33","0.44","-0.48","0.15","0.73","0.23","0.02","0.83","1.29","1.18","1.17","1.2","1.21","1.08","0.89","0.96","1.16","1.09","0.91","0.93","0.95","0.93","0.93","0.98","0.915","0.81","0.87","0.745","0.725","0.705","0.655","0.26","0.63","0.58","0.43","0.555","0.625","0.67","0.555","0.625","0.55","0.55","0.335","0.105","0.66","0.385","1.013","0.495","0.525","0.45","0.545","0.53","0.5","0.425","0.465","0.49","0.43","0.4","0.365","0.39","0.395","0.38","0.335","0.335","0.3","0.475","0.225","0.35","0.25","0.32"
DilutedEPS,,"0.9","0.88","0.94","0.85","0.81","0.73","0.8","0.82","0.85","1.03","0.86","0.59","0.51","0.37","0.4","0.74","0.56","0.74","0.7","0.7","0.66","0.63","0.62","0.2","0.46","0.44","0.45","0.4","0.41","0.41","0.28","0.28","0.38","0.43","0.25","0.25","-0.04","0.19","-0.05","0.29","0.2","0.32","0.1","0.03","-0.003","0.19","0.03","0.15","0.56","-0.9","0.17","-0.16","-0.77","0.27","0.28","-0.6","-0.26","0.33","0.44","-0.48","0.15","0.72","0.23","0.02","0.82","1.28","1.16","1.15","1.18","1.19","1.07","0.88","0.95","1.14","1.07","0.88","0.91","0.93","0.91","0.91","0.96","0.9","0.795","0.845","0.725","0.7","0.69","0.64","0.255","0.62","0.575","0.43","0.55","0.615","0.665","0.555","0.615","0.535","0.54","0.33","0.105","0.64","0.375","0.405","0.48","0.51","0.44","0.52","0.525","0.495","0.42","0.46","0.485","0.425","0.395","0.36","0.385","0.395","0.38","0.335","0.33","0.3","0.47","0.225","0.34","0.25","0.31"
BasicAverageShares,,"8,017,100,000","8,040,900,000","8,065,900,000","8,088,200,000","8,107,700,000","8,121,600,000","8,136,800,000","8,223,900,000","8,430,700,000","8,620,800,000","8,700,100,000","8,725,000,000","8,732,900,000","8,739,900,000","8,815,600,000","9,013,400,000","9,303,600,000","9,523,200,000","9,725,900,000","9,853,500,000","10,031,600,000","10,181,700,000","10,322,400,000","10,472,200,000","10,197,900,000","10,013,500,000","10,099,600,000","10,197,766,000","10,250,124,000","10,328,424,000","10,370,094,000","10,399,422,000","10,444,291,000","10,488,137,000","10,518,790,000","10,516,208,000","10,515,790,000","10,519,359,000","10,560,518,000","10,632,012,000","10,718,918,000","10,775,867,000","10,798,975,000","10,777,729,000","10,776,173,000","10,775,695,000","10,651,367,000","10,282,923,000","10,116,284,000","10,094,928,000","10,075,875,000","10,041,035,000","9,976,351,000","9,956,773,000","9,177,468,000","8,644,257,000","8,633,834,000","7,241,515,000","6,370,815,000","4,959,789,000","4,543,963,000","4,435,719,000","4,427,823,000","4,421,509,000","4,420,616,000","4,419,246,000","4,432,664,000","4,463,469,000","4,499,704,000","4,534,627,000","4,609,481,000","3,995,980,000","4,000,573,000","4,005,356,000","4,032,550,000","4,035,134,000","4,052,304,000","4,062,384,000","2,880,306,000","2,927,410,000","2,980,206,000","2,988,188,000","2,998,810,000","2,998,660,000","3,008,034,000","3,067,566,000","3,086,942,000","3,139,616,000","3,199,384,000","3,203,074,000","3,217,780,000","3,247,106,000","3,278,784,000","3,306,990,000","3,338,622,000","3,401,642,000","3,444,614,000","3,487,006,000","3,475,124,000","3,476,456,000","3,542,857,143","1,896,153,846","1,910,398,000","1,424,376,000","1,449,504,950","1,445,714,286","1,891,111,111","1,150,593,979","1,173,584,906","1,202,000,000","1,197,647,059","1,088,189,110","1,077,551,020","4,423,634,480","4,423,634,480","1,106,083,983","1,097,435,897","1,101,265,823","1,089,473,684","1,097,605,910","1,008,955,224","1,013,333,333","1,008,421,053","1,015,887,192","980,000,000","976,000,000","943,750,000"
DilutedAverageShares,,"8,075,900,000","8,080,700,000","8,182,300,000","8,150,100,000","8,160,800,000","8,163,100,000","8,202,100,000","8,223,900,000","8,492,800,000","8,735,500,000","8,755,600,000","8,786,100,000","8,777,500,000","8,768,100,000","8,862,700,000","9,074,500,000","9,353,000,000","9,559,600,000","9,787,300,000","9,993,900,000","10,170,800,000","10,309,400,000","10,472,700,000","10,617,300,000","10,746,700,000","10,834,800,000","10,919,700,000","11,046,779,000","11,000,473,000","11,059,167,000","11,100,067,000","11,153,169,000","11,197,203,000","11,238,060,000","11,266,511,000","10,574,617,000","10,515,790,000","11,265,123,000","10,560,518,000","11,394,725,000","11,482,226,000","11,524,510,000","11,154,778,000","10,883,907,000","10,776,173,000","11,556,011,000","10,761,917,000","10,731,719,000","10,464,395,000","10,094,928,000","10,181,351,000","10,041,035,000","9,976,351,000","10,029,776,000","10,005,254,000","8,644,257,000","8,633,834,000","7,269,518,000","6,393,407,000","4,959,789,000","4,547,578,000","4,457,193,000","4,461,201,000","4,421,509,000","4,475,917,000","4,476,799,000","4,497,028,000","4,539,787,000","4,570,558,000","4,601,169,000","4,666,405,000","4,053,587,000","4,054,659,000","4,065,355,000","4,099,062,000","4,108,412,000","4,121,375,000","4,131,290,000","2,933,402,000","2,990,350,554","3,042,708,333","3,041,111,111","3,047,798,742","3,095,773,915","3,080,000,000","3,171,428,571","3,156,521,739","3,203,266,788","3,290,196,078","3,261,290,323","3,250,434,783","3,249,543,015","3,325,454,545","3,351,219,512","3,366,917,293","3,422,133,714","3,510,292,000","3,573,690,000","3,540,740,741","3,521,274,631","3,542,857,143","1,933,333,333","1,910,398,000","1,439,419,979","1,493,877,551","1,488,235,294","1,891,111,111","1,202,777,778","1,184,761,905","1,214,141,414","1,211,904,762","1,104,405,594","1,088,659,794","4,423,634,480","4,423,634,480","1,118,760,447","1,111,688,312","1,101,265,823","1,089,473,684","1,099,396,494","1,024,242,424","1,013,333,333","1,019,148,936","1,015,887,192","1,008,823,529","976,000,000","974,193,548"
RentExpenseSupplemental,,,,,,,,,,,,,,,,,,,,,,,,,,,,,,,,,,,,,,,,,,,,,,"561,000,000",,,,,,,,,,,,,,,,,,,,,,,,,,,,,,,,,,,,,,,,,,,,,,,,,,,,,,,,,,,,,,,,,,,,,,,,,,,,,,,,,,
InterestIncomeAfterProvisionForLoanLoss,"53,284,000,000","13,145,000,000","13,033,000,000","13,517,000,000","13,589,000,000","12,867,000,000","11,921,000,000","11,542,000,000","11,899,000,000","11,718,000,000","11,854,000,000","12,057,000,000","10,200,000,000","8,740,000,000","5,731,000,000","7,369,000,000","11,199,000,000","11,408,000,000","11,332,000,000","11,362,000,000","11,599,000,000","11,154,000,000","10,823,000,000","10,774,000,000","10,461,000,000","10,327,000,000","10,260,000,000","10,223,000,000","9,518,000,000","9,351,000,000","8,237,000,000","8,174,000,000","8,991,000,000","8,705,000,000","9,708,000,000","8,686,000,000","9,416,000,000","9,583,000,000","9,602,000,000","9,076,000,000","10,450,000,000","9,970,000,000","9,338,000,000","8,951,000,000","8,120,000,000","8,164,000,000","7,775,000,000","8,428,000,000","7,767,000,000","7,083,000,000","7,991,000,000","8,365,000,000","7,310,000,000","7,039,000,000","4,795,000,000","3,944,000,000","1,449,000,000","-282,000,000","-1,745,000,000","-883,000,000","4,571,000,000","5,192,000,000","4,791,000,000","3,981,000,000","5,854,000,000","6,585,000,000","6,576,000,000","7,033,000,000","7,029,000,000","7,421,000,000","7,625,000,000","7,506,000,000","6,041,000,000","6,614,000,000","6,775,000,000","7,293,000,000","7,044,000,000","7,015,000,000","6,792,000,000","5,177,000,000","5,003,000,000","4,653,000,000","4,593,000,000","4,376,000,000","4,209,000,000","4,498,000,000","4,206,000,000","4,313,000,000","4,016,000,000","3,953,000,000","4,230,000,000","3,804,000,000","3,484,000,000","4,158,000,000","4,161,000,000","4,104,000,000","4,125,000,000","4,100,000,000","4,102,000,000","4,090,000,000","4,099,000,000","3,039,000,000","2,262,000,000","2,265,000,000","1,758,000,000","1,782,000,000","1,798,000,000","1,760,000,000","1,440,000,000","1,450,000,000","1,432,000,000","1,402,000,000","1,271,000,000","1,291,000,000","1,266,000,000","1,237,000,000","1,230,000,000","1,236,000,000","1,247,000,000","1,188,000,000","1,203,000,000","1,048,000,000","1,001,000,000","955,000,000","926,000,000","887,000,000","848,000,000","722,000,000"
NetIncomeFromContinuingAndDiscontinuedOperation,"30,503,000,000","7,802,000,000","7,408,000,000","8,161,000,000","7,132,000,000","7,082,000,000","6,247,000,000","7,067,000,000","7,013,000,000","7,691,000,000","9,224,000,000","8,050,000,000","5,470,000,000","4,881,000,000","3,533,000,000","4,010,000,000","6,994,000,000","5,777,000,000","7,348,000,000","7,311,000,000","7,278,000,000","7,167,000,000","6,784,000,000","6,918,000,000","2,365,000,000","5,587,000,000","5,269,000,000","4,856,000,000","4,696,000,000","4,955,000,000","4,232,000,000","2,680,000,000","3,336,000,000","4,508,000,000","5,320,000,000","3,357,000,000","3,050,000,000","168,000,000","2,291,000,000","-276,000,000","3,439,000,000","2,497,000,000","4,012,000,000","2,623,000,000","732,000,000","340,000,000","2,463,000,000","653,000,000","1,991,000,000","6,232,000,000","-8,826,000,000","2,049,000,000","-1,244,000,000","-7,299,000,000","3,123,000,000","3,182,000,000","-194,000,000","-1,001,000,000","3,224,000,000","4,247,000,000","-1,789,000,000","1,177,000,000","3,410,000,000","1,210,000,000","268,000,000","3,698,000,000","5,761,000,000","5,255,000,000","5,256,000,000","5,416,000,000","5,475,000,000","4,986,000,000","3,347,000,000","4,127,000,000","4,296,000,000","4,695,000,000","3,849,000,000","3,764,000,000","3,849,000,000","2,680,000,000","2,726,000,000","2,922,000,000","2,738,000,000","2,424,000,000","2,614,000,000","2,235,000,000","2,221,000,000","2,179,000,000","2,058,000,000","841,000,000","2,023,000,000","1,870,000,000","1,385,000,000","1,829,000,000","2,063,000,000","2,240,000,000","1,902,000,000","2,151,000,000","1,915,000,000","1,914,000,000","1,162,000,000","374,000,000","1,408,000,000","497,000,000","818,000,000","788,000,000","762,000,000","709,000,000","632,000,000","625,000,000","605,000,000","513,000,000","510,000,000","530,000,000","467,000,000","443,000,000","405,000,000","431,000,000","437,000,000","417,000,000","373,000,000","341,000,000","306,000,000","281,000,000","234,000,000","350,000,000","251,000,000","310,000,000"
NormalizedIncome,"30,503,000,000","7,802,000,000","7,408,000,000","8,161,000,000","7,132,000,000","7,082,000,000","6,247,000,000","7,067,000,000","7,013,000,000","7,691,000,000","9,224,000,000","8,050,000,000","5,470,000,000","4,881,000,000","3,533,000,000","4,010,000,000","6,994,000,000","5,777,000,000","7,348,000,000","7,311,000,000","7,278,000,000","7,167,000,000","6,784,000,000","6,918,000,000","2,365,000,000","5,587,000,000","5,269,000,000","4,856,000,000","4,696,000,000","4,955,000,000","4,232,000,000","2,680,000,000","3,336,000,000","4,508,000,000","5,320,000,000","3,357,000,000","3,050,000,000","168,000,000","2,291,000,000","-276,000,000","3,439,000,000","2,497,000,000","4,012,000,000","2,623,000,000","732,000,000","343,900,000","2,467,695,900.858","689,328,233.658","2,549,331,414.474","6,450,828,467.644","-6,901,760,621.359","2,262,744,604.317","296,500,000","-185,400,000","3,541,045,849.802","3,559,722,032.354","152,450,000","-96,850,000","3,762,850,000","4,851,344,308.036","-1,590,100,000","1,369,401,720.715","3,556,905,100.589","1,324,404,894.327","359,000,000","3,755,997,012.696","5,810,893,187.067","5,329,562,827.56","5,419,935,063.275","5,594,629,720.451","5,600,002,942.215","4,612,232,893.157","3,388,157,357.232","4,206,980,620.155","4,376,641,638.225","4,769,650,766.61","4,030,286,233.766","3,911,281,161.473","3,931,582,389.289","2,680,000,000","2,726,000,000","2,922,000,000","2,738,000,000","2,424,000,000","2,614,000,000","2,235,000,000","2,221,000,000","2,179,000,000","2,058,000,000","841,000,000","2,023,000,000","1,870,000,000","1,385,000,000","2,181,470,217.239","2,063,000,000","2,240,000,000","2,118,136,363.636","2,151,000,000","2,041,863,199.735","1,914,000,000","2,657,508,284.34","122,269,230.769","1,336,775,644.028","405,800,000","818,000,000","788,000,000","762,000,000","709,000,000","632,000,000","625,000,000","605,000,000","513,000,000","510,000,000","530,000,000","467,000,000","443,000,000","405,000,000","431,000,000","437,000,000","417,000,000","373,000,000","341,000,000","306,000,000","281,000,000","234,000,000","350,000,000","251,000,000","310,000,000"
TotalMoneyMarketInvestments,"16,280,000,000","4,888,000,000","4,955,000,000","3,712,000,000","2,725,000,000","1,446,000,000","396,000,000","-7,000,000","-47,000,000","6,000,000","-42,000,000","-7,000,000","3,000,000","55,000,000","26,000,000","819,000,000","1,097,000,000","1,242,000,000","1,309,000,000","1,195,000,000","1,046,000,000","799,000,000","709,000,000","622,000,000","732,000,000","659,000,000","560,000,000","439,000,000","315,000,000","267,000,000","260,000,000","276,000,000","214,000,000","275,000,000","268,000,000","231,000,000","238,000,000","239,000,000","297,000,000","265,000,000","304,000,000","291,000,000","319,000,000","315,000,000","329,000,000","353,000,000","360,000,000","460,000,000","449,000,000","584,000,000","597,000,000","517,000,000","486,000,000","441,000,000","457,000,000","448,000,000","327,000,000","722,000,000","690,000,000","1,155,000,000","393,000,000","912,000,000","800,000,000","1,208,000,000","1,748,000,000","1,839,000,000","2,156,000,000","1,979,000,000","2,068,000,000","2,146,000,000","1,900,000,000","1,709,000,000","1,508,000,000","1,359,000,000","1,252,000,000","893,000,000","712,000,000","484,000,000","413,000,000","434,000,000","506,000,000","480,000,000","193,000,000","194,000,000","208,000,000","177,000,000","270,000,000","285,000,000","253,000,000","321,000,000","405,000,000","435,000,000","551,000,000","633,000,000","595,000,000","575,000,000","458,000,000","440,000,000","387,000,000","381,000,000","486,000,000","492,000,000","163,000,000","176,000,000","83,000,000","184,000,000","200,000,000","216,000,000","187,000,000","179,000,000","171,000,000","209,000,000","199,000,000","283,000,000","327,000,000","270,000,000","235,000,000","178,000,000","123,000,000","101,000,000","84,000,000","84,000,000","54,000,000","51,000,000","47,000,000","52,000,000","89,000,000","105,000,000"
ReconciledDepreciation,,,"510,000,000","503,000,000","502,000,000","491,000,000","491,000,000","494,000,000","495,000,000","473,000,000","469,000,000","461,000,000","487,000,000","476,000,000","448,000,000","432,000,000","439,000,000","438,000,000","434,000,000","418,000,000","524,000,000","515,000,000","513,000,000","511,000,000","515,000,000","151,000,000","160,000,000","162,000,000","176,000,000","181,000,000","186,000,000","566,000,000","202,000,000","207,000,000","212,000,000","213,000,000","228,000,000","234,000,000","235,000,000","239,000,000","266,000,000","270,000,000","274,000,000","276,000,000","309,000,000","315,000,000","321,000,000","319,000,000","365,000,000","377,000,000","382,000,000","385,000,000","420,000,000","426,000,000","986,000,000","1,012,000,000","432,000,000","1,096,000,000","516,000,000","1,098,000,000","477,000,000","862,000,000","795,000,000","774,000,000","799,000,000","710,000,000","671,000,000","664,000,000","712,000,000","719,000,000","720,000,000","718,000,000","439,000,000","439,000,000","442,000,000","448,000,000","458,000,000","446,000,000","469,000,000","263,000,000","284,000,000","268,000,000","277,000,000","278,000,000","277,000,000","277,000,000","278,000,000","272,000,000","426,000,000","431,000,000","438,000,000","437,000,000","439,000,000","438,000,000","451,000,000","456,000,000","467,000,000","470,000,000","487,000,000","493,000,000","497,000,000","944,000,000","276,000,000","281,000,000","226,000,000","215,000,000","212,000,000","212,000,000","120,000,000","113,000,000","108,000,000","101,000,000","100,000,000","99,000,000","102,000,000","98,000,000","107,000,000","101,000,000","100,000,000","98,000,000","98,000,000","85,000,000","85,000,000","84,000,000","169,000,000","0","82,000,000","88,000,000"
NetIncomeFromContinuingOperationNetMinorityInterest,"30,503,000,000","7,802,000,000","7,408,000,000","8,161,000,000","7,132,000,000","7,082,000,000","6,247,000,000","7,067,000,000","7,013,000,000","7,691,000,000","9,224,000,000","8,050,000,000","5,470,000,000","4,881,000,000","3,533,000,000","4,010,000,000","6,994,000,000","5,777,000,000","7,348,000,000","7,311,000,000","7,278,000,000","7,167,000,000","6,784,000,000","6,918,000,000","2,365,000,000","5,587,000,000","5,269,000,000","4,856,000,000","4,696,000,000","4,955,000,000","4,232,000,000","2,680,000,000","3,336,000,000","4,508,000,000","5,320,000,000","3,357,000,000","3,050,000,000","168,000,000","2,291,000,000","-276,000,000","3,439,000,000","2,497,000,000","4,012,000,000","2,623,000,000","732,000,000","340,000,000","2,463,000,000","653,000,000","1,991,000,000","6,232,000,000","-8,826,000,000","2,049,000,000","-1,244,000,000","-7,299,000,000","3,123,000,000","3,182,000,000","-194,000,000","-1,001,000,000","3,224,000,000","4,247,000,000","-1,789,000,000","1,177,000,000","3,410,000,000","1,210,000,000","268,000,000","3,698,000,000","5,761,000,000","5,255,000,000","5,256,000,000","5,416,000,000","5,475,000,000","4,986,000,000","3,347,000,000","4,127,000,000","4,296,000,000","4,695,000,000","3,849,000,000","3,764,000,000","3,849,000,000","2,680,000,000","2,726,000,000","2,922,000,000","2,738,000,000","2,424,000,000","2,614,000,000","2,235,000,000","2,221,000,000","2,179,000,000","2,058,000,000","841,000,000","2,023,000,000","1,870,000,000","1,385,000,000","1,829,000,000","2,063,000,000","2,240,000,000","1,902,000,000","2,151,000,000","1,915,000,000","1,914,000,000","1,162,000,000","374,000,000","1,408,000,000","497,000,000","818,000,000","788,000,000","762,000,000","709,000,000","632,000,000","625,000,000","605,000,000","513,000,000","510,000,000","530,000,000","467,000,000","443,000,000","405,000,000","431,000,000","437,000,000","417,000,000","373,000,000","341,000,000","306,000,000","281,000,000","234,000,000","350,000,000","251,000,000","310,000,000"
TotalUnusualItemsExcludingGoodwill,,,,,,,,,,,,,,,,,,,,,,,,,,,,,,,,,,,,"-370,000,000",,,,,,,,,"0","-6,000,000","-6,000,000","-40,000,000","-682,000,000","-261,000,000","-2,807,000,000","-290,000,000","-2,370,000,000","-10,944,000,000","-508,000,000","-521,000,000","-533,000,000","-1,391,000,000","-829,000,000","-765,000,000","-306,000,000","-247,000,000","-212,000,000","-170,000,000","-140,000,000","-84,000,000","-75,000,000","-111,000,000","-244,000,000","-269,000,000","-194,000,000","562,000,000","-59,000,000","-120,000,000","-121,000,000","-112,000,000","-272,000,000","-221,000,000","-125,000,000",,,,,,,,,,,,,,"0","-550,000,000",,,"-325,000,000",,"-200,000,000",,"-2,408,000,000","280,000,000","108,000,000","152,000,000",,,,,,,,,,,,,,,,,,,,,,,,
TotalUnusualItems,,,,,,,,,,,,,,,,,,,,,,,,,,,,,,,,,,,,"-370,000,000",,,,,,,,,"0","-6,000,000","-6,000,000","-40,000,000","-682,000,000","-261,000,000","-2,807,000,000","-290,000,000","-2,370,000,000","-10,944,000,000","-508,000,000","-521,000,000","-533,000,000","-1,391,000,000","-829,000,000","-765,000,000","-306,000,000","-247,000,000","-212,000,000","-170,000,000","-140,000,000","-84,000,000","-75,000,000","-111,000,000","-244,000,000","-269,000,000","-194,000,000","562,000,000","-59,000,000","-120,000,000","-121,000,000","-112,000,000","-272,000,000","-221,000,000","-125,000,000",,,,,,,,,,,,,,"0","-550,000,000",,,"-325,000,000",,"-200,000,000",,"-2,408,000,000","280,000,000","108,000,000","152,000,000",,,,,,,,,,,,,,,,,,,,,,,,
TaxRateForCalcs,"0.079","0.036","0.078","0.102","0.097","0.147","0.094","0.103","0.103","0.141","0.27","0.122","0.106","0.27","0.07","0.115","0.144","0.158","0.18","0.166","0.163","0.203","0.202","0.176","0.4","0.29","0.371","0.26","0.224","0.322","0.286","0.275","0.282","0.26","0.292","0.292","0.292","0.35","0.18","0.35","0.106","0.35","0.27","0.28","0.35","0.35","0.217","0.092","0.181","0.162","0.314","0.263","0.35","0.35","0.177","0.275","0.35","0.35","0.35","0.21","0.35","0.221","0.307","0.327","0.35","0.31","0.335","0.328","0.328","0.336","0.356","0.335","0.302","0.333","0.334","0.333","0.334","0.334","0.339","0.325","0.302","0.313","0.33","0.33","0.16","0.32","0.325","0.34","0.171","0.4","0.356","0.36","0.355","0.359","0.366","0.366","0.335","0.357","0.366","0.36","0.379","0.101","0.341","0.4","0.354","0.36","0.36","0.36","0.34","0.346","0.35","0.35","0.353","0.352","0.343","0.343","0.311","0.34","0.334","0.366","0.35","0.353","0.341","0.34","0.179","0.167","0.188","0.188"
TaxEffectOfUnusualItems,"0","0","0","0","0","0","0","0","0","0","0","0","0","0","0","0","0","0","0","0","0","0","0","0","0","0","0","0","0","0","0","0","0","0","0","0","0","0","0","0","0","0","0","0","0","-2,100,000","-1,304,099.142","-3,671,766.342","-123,668,585.526","-42,171,532.356","-882,760,621.359","-76,255,395.683","-829,500,000","-3,830,400,000","-89,954,150.198","-143,277,967.646","-186,550,000","-486,850,000","-290,150,000","-160,655,691.964","-107,100,000","-54,598,279.285","-65,094,899.411","-55,595,105.673","-49,000,000","-26,002,987.304","-25,106,812.933","-36,437,172.44","-80,064,936.725","-90,370,279.549","-68,997,057.785","188,232,893.157","-17,842,642.768","-40,019,379.845","-40,358,361.775","-37,349,233.39","-90,713,766.234","-73,718,838.527","-42,417,610.711","0","0","0","0","0","0","0","0","0","0","0","0","0","0","-197,529,782.761","0","0","-108,863,636.364","0","-73,136,800.265","0","-912,491,715.66","28,269,230.769","36,775,644.028","60,800,000","0","0","0","0","0","0","0","0","0","0","0","0","0","0","0","0","0","0","0","0","0","0","0","0"