name,ttm,07/31/2023,04/30/2023,01/31/2023,10/31/2022,07/31/2022,04/30/2022,01/31/2022,10/31/2021,07/31/2021,04/30/2021,01/31/2021,10/31/2020,07/31/2020,04/30/2020,01/31/2020,10/31/2019,07/31/2019,04/30/2019,01/31/2019,10/31/2018,07/31/2018,04/30/2018,01/31/2018,10/31/2017,07/31/2017,04/30/2017,01/31/2017,10/31/2016,07/31/2016,04/30/2016,01/31/2016,10/31/2015,07/31/2015,04/30/2015,01/31/2015,10/31/2014,07/31/2014,04/30/2014,01/31/2014,10/31/2013,07/31/2013,04/30/2013,01/31/2013,10/31/2012,07/31/2012,04/30/2012,01/31/2012,10/31/2011,07/31/2011,04/30/2011,01/31/2011,10/31/2010,07/31/2010,04/30/2010,01/31/2010,10/31/2009,07/31/2009,04/30/2009,01/31/2009,10/31/2008,07/31/2008,04/30/2008,01/31/2008,10/31/2007,07/31/2007,04/30/2007,01/31/2007,10/31/2006,07/31/2006,04/30/2006,01/31/2006,10/31/2005,07/31/2005,04/30/2005,01/31/2005,10/31/2004,07/31/2004,04/30/2004,01/31/2004,10/31/2003,07/31/2003,04/30/2003,01/31/2003,10/31/2002,07/31/2002,04/30/2002,01/31/2002,10/31/2001,07/31/2001,04/30/2001,01/31/2001,10/31/2000,07/31/2000,04/30/2000,01/31/2000,10/31/1999,07/31/1999,04/30/1999,01/31/1999,10/31/1998,07/31/1998,04/30/1998,01/31/1998,10/31/1997,07/31/1997,04/30/1997,01/31/1997,10/31/1996,07/31/1996,04/30/1996,01/31/1996,10/31/1995,07/31/1995,04/30/1995,01/31/1995,10/31/1994,07/31/1994,04/30/1994,01/31/1994,10/31/1993,07/31/1993,04/30/1993,01/31/1993,10/31/1992,07/31/1992,04/30/1992,01/31/1992,10/31/1991,07/31/1991,04/30/1991,01/31/1991,10/31/1990,07/31/1990,04/30/1990,01/31/1990,10/31/1989,07/31/1989,04/30/1989,01/31/1989,10/31/1988,07/31/1988,04/30/1988,01/31/1988,10/31/1987,07/31/1987,04/30/1987,01/31/1987,10/31/1986,07/31/1986,04/30/1986,01/31/1986,10/31/1985
TotalRevenue,"7,448,000,000","1,559,000,000","1,396,000,000","2,889,000,000","1,604,461,000","1,617,503,000","1,449,910,000","3,027,403,000","1,680,905,000","3,317,573,000","3,023,699,000","4,817,940,000","3,055,276,000","2,319,466,000","1,654,209,000","4,707,000,000","2,676,747,000","2,901,538,000","2,628,809,000","4,707,141,000","2,774,874,000","2,983,849,000","2,625,846,000","4,823,105,000","2,617,784,000","2,755,020,000","2,436,523,000","4,489,483,000","2,580,979,000","2,889,744,000","2,613,815,000","4,395,039,000","2,481,575,000","2,765,237,000","2,511,939,000","4,068,685,000","2,318,851,000","2,675,311,000","2,391,200,000","3,818,202,000","2,171,087,000","2,515,953,000","2,267,956,000","3,855,583,000","2,050,189,000","2,399,095,000","2,153,784,000","3,515,000,000","2,173,420,000","2,458,135,000","2,217,017,000","3,456,000,000","1,983,372,000","2,242,510,000","1,931,536,000","3,063,000,000","1,777,289,000","2,066,610,000","1,725,000,000","2,991,000,000","1,843,000,000","2,284,000,000","1,925,000,000","3,276,000,000","1,923,000,000","2,624,000,000","2,311,000,000","4,025,000,000","2,115,000,000","2,454,000,000","2,077,091,000","3,541,616,000","1,891,551,000","2,290,901,000","1,974,932,000","3,328,110,000","1,890,855,000","2,210,832,000","1,978,203,000","3,230,827,000","1,846,770,000","2,014,106,000","1,842,000,000","2,322,417,000","1,982,616,000","2,112,788,000","2,027,000,000","3,137,560,000","1,906,484,000","2,192,111,000","2,126,845,000","3,564,001,000","2,169,192,000","2,262,977,000","2,108,436,000","3,286,634,000","2,064,100,000","2,267,800,000","2,104,800,000","3,255,900,000","1,999,900,000","2,083,100,000","2,008,100,000","3,268,400,000","2,070,600,000","2,020,100,000","1,829,800,000","2,966,300,000","1,995,000,000","1,895,600,000","1,787,900,000","2,771,300,000","1,803,300,000","1,718,600,000","1,588,100,000","2,538,600,000","1,715,200,000","1,585,400,000","1,481,600,000","2,420,800,000","1,616,700,000","1,689,000,000","1,518,600,000","2,428,000,000","1,611,300,000","1,489,400,000","1,415,600,000","2,056,100,000","1,433,400,000","1,375,200,000","1,284,500,000","1,743,700,000","1,247,900,000","1,154,600,000","1,107,300,000","1,582,500,000","1,110,400,000","990,300,000","964,600,000","1,356,000,000","1,010,600,000","893,100,000","811,100,000","1,010,500,000","891,700,000","822,100,000","803,500,000","982,100,000","803,700,000","695,300,000","661,600,000","787,200,000","613,300,000"
	OperatingRevenue,"7,448,000,000","1,559,000,000","1,396,000,000","2,889,000,000","1,604,461,000","1,617,503,000","1,449,910,000","3,027,403,000","1,680,905,000","3,317,573,000","3,023,699,000","4,817,940,000","3,055,276,000","2,319,466,000","1,654,209,000","4,707,000,000","2,676,747,000","2,901,538,000","2,628,809,000","4,707,141,000","2,774,874,000","2,983,849,000","2,625,846,000","4,823,105,000","2,617,784,000","2,755,020,000","2,436,523,000","4,489,483,000","2,580,979,000","2,889,744,000","2,613,815,000","4,395,039,000","2,481,575,000","2,765,237,000","2,511,939,000","4,068,685,000","2,318,851,000","2,675,311,000","2,391,200,000","3,818,202,000","2,171,087,000","2,515,953,000","2,267,956,000","3,855,583,000","2,050,189,000","2,399,095,000","2,153,784,000","3,515,000,000","2,173,420,000","2,458,135,000","2,217,017,000","3,456,000,000","1,983,372,000","2,242,510,000","1,931,536,000","3,063,000,000","1,777,289,000","2,066,610,000","1,725,000,000","2,991,000,000","1,843,000,000","2,284,000,000","1,925,000,000","3,276,000,000","1,923,000,000","2,624,000,000","2,311,000,000","4,025,000,000","2,115,000,000","2,454,000,000","2,077,091,000","3,541,616,000","1,891,551,000","2,290,901,000","1,974,932,000","3,328,110,000","1,890,855,000","2,210,832,000","1,978,203,000","3,230,827,000","1,846,770,000","2,014,106,000","1,842,000,000","2,322,417,000","1,982,616,000","2,112,788,000","2,027,000,000","3,137,560,000","1,906,484,000","2,192,111,000","2,126,845,000","3,564,001,000","2,169,192,000","2,262,977,000","2,108,436,000","3,286,634,000","2,064,100,000","2,267,800,000","2,104,800,000","3,255,900,000","1,999,900,000","2,083,100,000","2,008,100,000","3,268,400,000","2,070,600,000","2,020,100,000","1,829,800,000","2,966,300,000","1,995,000,000","1,895,600,000","1,787,900,000","2,771,300,000","1,803,300,000","1,718,600,000","1,588,100,000","2,538,600,000","1,715,200,000","1,585,400,000","1,481,600,000","2,420,800,000","1,616,700,000","1,689,000,000","1,518,600,000","2,428,000,000","1,611,300,000","1,489,400,000","1,415,600,000","2,056,100,000","1,433,400,000","1,375,200,000","1,284,500,000","1,743,700,000","1,247,900,000","1,154,600,000","1,107,300,000","1,582,500,000","1,110,400,000","990,300,000","964,600,000","1,356,000,000","1,010,600,000","893,100,000","811,100,000","1,010,500,000","891,700,000","822,100,000","803,500,000","982,100,000","803,700,000","695,300,000","661,600,000","787,200,000","613,300,000"
CostOfRevenue,"4,303,000,000","937,000,000","800,000,000","1,639,000,000","926,870,000","958,139,000","781,334,000","1,580,975,000","842,149,000","1,819,608,000","1,609,860,000","2,511,020,000","1,695,787,000","1,607,986,000","1,365,600,000","2,914,000,000","1,936,244,000","1,919,300,000","1,694,795,000","2,913,454,000","1,846,622,000","1,924,804,000","1,682,016,000","2,782,769,000","1,629,437,000","1,727,129,000","1,533,673,000","2,545,460,000","1,555,693,000","1,776,840,000","1,570,861,000","2,392,626,000","1,450,301,000","1,651,391,000","1,455,980,000","2,233,914,000","1,372,424,000","1,630,951,000","1,409,000,000","2,175,897,000","1,314,378,000","1,527,328,000","1,326,545,000","2,139,298,000","1,225,063,000","1,456,621,000","1,251,821,000","1,988,000,000","1,388,143,000","1,556,037,000","1,375,289,000","2,011,000,000","1,269,081,000","1,465,023,000","1,237,278,000","1,814,000,000","1,214,541,000","1,398,601,000","1,177,000,000","1,967,000,000","1,263,000,000","1,523,000,000","1,284,000,000","1,972,000,000","1,309,000,000","1,803,000,000","1,508,000,000","2,413,000,000","1,356,000,000","1,601,000,000","1,288,316,000","2,040,979,000","1,311,122,000","1,497,531,000","1,366,077,000","2,037,318,000","1,277,270,000","1,412,863,000","1,302,549,000","1,889,567,000","1,251,317,000","1,311,882,000","1,230,000,000","1,255,776,000","1,364,021,000","1,388,918,000","1,342,000,000","1,813,659,000","1,339,899,000","1,500,145,000","1,456,297,000","2,235,043,000","1,365,010,000","1,451,855,000","1,349,135,000","1,936,514,000","1,322,000,000","1,465,700,000","1,369,200,000","2,004,100,000","1,313,400,000","1,398,700,000","1,346,700,000","2,024,900,000","1,372,700,000","1,406,900,000","1,252,900,000","1,913,000,000","1,367,800,000","1,331,200,000","1,246,600,000","1,892,100,000","1,276,800,000","1,223,000,000","1,116,000,000","1,636,700,000","1,150,300,000","1,122,800,000","1,028,700,000","1,649,000,000","1,105,800,000","1,190,800,000","1,069,300,000","1,581,000,000","1,103,700,000","1,026,300,000","995,500,000","1,333,300,000","978,300,000","931,300,000","890,200,000","1,120,100,000","821,400,000","758,100,000","739,000,000","1,017,900,000","723,000,000",,,,,,,,,,,,,,,,
GrossProfit,"3,145,000,000","622,000,000","596,000,000","1,250,000,000","677,591,000","659,364,000","668,576,000","1,446,428,000","838,756,000","1,497,965,000","1,413,839,000","2,306,920,000","1,359,489,000","711,480,000","288,609,000","1,793,000,000","740,503,000","982,238,000","934,014,000","1,793,687,000","928,252,000","1,059,045,000","943,830,000","2,040,336,000","988,347,000","1,027,891,000","902,850,000","1,944,023,000","1,025,286,000","1,112,904,000","1,042,954,000","2,002,413,000","1,031,274,000","1,113,846,000","1,055,959,000","1,834,771,000","946,427,000","1,044,360,000","982,100,000","1,642,305,000","856,709,000","988,625,000","941,411,000","1,716,285,000","825,126,000","942,474,000","901,963,000","1,527,000,000","785,277,000","902,098,000","841,728,000","1,445,000,000","714,291,000","777,487,000","694,258,000","1,249,000,000","562,748,000","668,009,000","548,000,000","1,024,000,000","580,000,000","761,000,000","641,000,000","1,304,000,000","614,000,000","821,000,000","803,000,000","1,612,000,000","759,000,000","853,000,000","788,775,000","1,500,637,000","580,429,000","793,370,000","608,855,000","1,290,792,000","613,585,000","797,969,000","675,654,000","1,341,260,000","595,453,000","702,224,000","612,000,000","1,066,641,000","618,595,000","723,870,000","685,000,000","1,323,901,000","566,585,000","691,966,000","670,548,000","1,328,958,000","804,182,000","811,122,000","759,301,000","1,350,120,000","742,100,000","802,100,000","735,600,000","1,251,800,000","686,500,000","684,400,000","661,400,000","1,243,500,000","697,900,000","613,200,000","576,900,000","1,053,300,000","627,200,000","564,400,000","541,300,000","879,200,000","526,500,000","495,600,000","472,100,000","901,900,000","564,900,000","462,600,000","452,900,000","771,800,000","510,900,000","498,200,000","449,300,000","847,000,000","507,600,000","463,100,000","420,100,000","722,800,000","455,100,000","443,900,000","394,300,000","623,600,000","426,500,000","396,500,000","368,300,000","564,600,000","387,400,000",,,,,,,,,,,,,,,,
OperatingExpense,"1,922,000,000","434,000,000","415,000,000","597,000,000","475,816,000","417,534,000","388,577,000","567,220,000","430,258,000","898,888,000","841,779,000","1,034,319,000","778,878,000","667,440,000","606,307,000","992,000,000","891,717,000","807,637,000","780,669,000","1,022,397,000","873,857,000","830,908,000","789,023,000","1,053,697,000","756,684,000","726,996,000","693,658,000","956,471,000","741,706,000","704,688,000","719,566,000","924,435,000","692,510,000","710,920,000","684,116,000","877,818,000","662,314,000","668,418,000","646,000,000","778,844,000","645,683,000","630,819,000","630,230,000","835,327,000","638,178,000","637,136,000","608,736,000","654,000,000","599,175,000","708,565,000","624,905,000","725,000,000","565,193,000","541,030,000","509,282,000","660,000,000","503,863,000","519,366,000","483,000,000","980,000,000","539,000,000","575,000,000","432,000,000","683,000,000","552,000,000","732,000,000","695,000,000","885,000,000","692,000,000","656,000,000","602,829,000","769,480,000","577,758,000","589,456,000","560,597,000","663,252,000","560,440,000","571,026,000","556,282,000","699,850,000","553,281,000","531,857,000","503,000,000","494,354,000","597,106,000","583,711,000","581,000,000","699,132,000","413,127,000","614,949,000","607,792,000","837,650,000","702,064,000","652,930,000","634,903,000","746,581,000","649,600,000","670,500,000","666,200,000","768,000,000","605,500,000","608,000,000","605,000,000","767,600,000","602,700,000","540,500,000","527,200,000","628,900,000","538,800,000","482,900,000","487,500,000","535,300,000","435,100,000","398,800,000","392,100,000","461,900,000","399,300,000","360,300,000","361,700,000","433,600,000","362,100,000","372,000,000","363,700,000","432,700,000","362,300,000","320,400,000","333,700,000","380,000,000","320,500,000","303,400,000","299,600,000","329,700,000","275,400,000","255,600,000","256,700,000","295,500,000","237,900,000",,,,,,,,,,,,,,,,
	SellingGeneralAndAdministration,"1,922,000,000","434,000,000","415,000,000","597,000,000","475,816,000","417,534,000","388,577,000","567,220,000","430,258,000","898,888,000","841,779,000","1,034,319,000","778,878,000","667,440,000","606,307,000","992,000,000","891,717,000","807,637,000","780,669,000","1,022,397,000","873,857,000","830,908,000","789,023,000","1,053,697,000","756,684,000","726,996,000","693,658,000","956,471,000","741,706,000","704,688,000","719,566,000","924,435,000","692,510,000","710,920,000","684,116,000","877,818,000","662,314,000","668,418,000","646,000,000","778,844,000","645,683,000","630,819,000","630,230,000","835,327,000","638,178,000","637,136,000","608,736,000","765,000,000","599,175,000","708,565,000","624,905,000","725,000,000","565,193,000","541,030,000","509,282,000","660,000,000","503,863,000","519,366,000","483,000,000","656,000,000","539,000,000","575,000,000","541,000,000","683,000,000","552,000,000","732,000,000","695,000,000","885,000,000","692,000,000","656,000,000","602,829,000","769,480,000","577,758,000","589,456,000","560,597,000","663,252,000","560,440,000","571,026,000","556,282,000","699,850,000","553,281,000","531,857,000","503,000,000","494,162,000","597,106,000","583,711,000","547,000,000","699,132,000","583,127,000","614,949,000","607,792,000","761,430,000","637,957,000","585,885,000","571,129,000","682,438,000","585,100,000","602,100,000","590,800,000","696,100,000","535,800,000","538,300,000","530,300,000","680,900,000","525,800,000","466,200,000","451,800,000","555,400,000","467,000,000","410,400,000","415,700,000","464,300,000","361,600,000","326,900,000","322,600,000","391,500,000","329,800,000","300,400,000","293,700,000","365,100,000","298,200,000","301,400,000","295,200,000","367,100,000","295,100,000","268,200,000","271,600,000","318,600,000","265,200,000","249,000,000","248,000,000","279,700,000","228,000,000","211,100,000","214,100,000","251,300,000","197,600,000",,,,,,,,,,,,,,,,
		GeneralAndAdministrativeExpense,"1,922,000,000","434,000,000","415,000,000","597,000,000","475,816,000","417,534,000","388,577,000","567,220,000","430,258,000","898,888,000","841,779,000","1,034,319,000","778,878,000","667,440,000","606,307,000","992,000,000","891,717,000","807,637,000","780,669,000","1,022,397,000","873,857,000","830,908,000","789,023,000","1,053,697,000","756,684,000","726,996,000","693,658,000","956,471,000","741,706,000","704,688,000","719,566,000","924,435,000","692,510,000","710,920,000","684,116,000","877,818,000","662,314,000","668,418,000","646,000,000","778,844,000","645,683,000","630,819,000","630,230,000","835,327,000",,,,,,,,,,,,,,,,,,,,,,,,,,,,,,,,,,,,,,,,,,,,,,,,,,,,,,,,,,,,,,,,,,,,,,,,,,,,,,,,,,,,,,,,,,,,,,,,,,,,,,,,,,,,,
			OtherGandA,"1,922,000,000","434,000,000","415,000,000","597,000,000","475,816,000","417,534,000","388,577,000","567,220,000","430,258,000","898,888,000","841,779,000","1,034,319,000","778,878,000","667,440,000","606,307,000","992,000,000","891,717,000","807,637,000","780,669,000","1,022,397,000","873,857,000","830,908,000","789,023,000","1,053,697,000","756,684,000","726,996,000","693,658,000","956,471,000","741,706,000","704,688,000","719,566,000","924,435,000","692,510,000","710,920,000","684,116,000","877,818,000","662,314,000","668,418,000","646,000,000","778,844,000","645,683,000","630,819,000","630,230,000","835,327,000",,,,,,,,,,,,,,,,,,,,,,,,,,,,,,,,,,,,,,,,,,,,,,,,,,,,,,,,,,,,,,,,,,,,,,,,,,,,,,,,,,,,,,,,,,,,,,,,,,,,,,,,,,,,,
		SellingAndMarketingExpense,,"434,000,000",,,,,,,,,,,,,,,,,,,,,,,,,,,,,,,,,,,,,,,,,,,,,,,,,,,,,,,,,,,,,,,,,,,,,,,,,,,,,,,,,,,,,,,,,,,,,,,,,,,,,,,,,,,,,,,,,,,,,,,,,,,,,,,,,,,,,,,,,,,,,,,,,,,,,,,
	DepreciationAmortizationDepletionIncomeStatement,,,,,,,,,,,,,,,,,,,,,,,,,,,,,,,,,,,,,,,,,,,,,,,,,,,,,,,,,,,,,,,,,,,,,,,,,,,,,,,,,,,,,,,,,,,,"76,220,000","64,107,000","67,045,000","63,774,000","64,143,000","64,500,000","68,400,000","75,400,000","71,900,000","69,700,000","69,700,000","74,700,000","86,700,000","76,900,000","74,300,000","75,400,000","73,500,000","71,800,000","72,500,000","71,800,000","71,000,000","73,500,000","71,900,000","69,500,000","70,400,000","69,500,000","59,900,000","68,000,000","68,500,000","63,900,000","70,600,000","68,500,000","65,600,000","67,200,000","52,200,000","62,100,000","61,400,000","55,300,000","54,400,000","51,600,000","50,000,000","47,400,000","44,500,000","42,600,000","44,200,000","40,300,000",,,,,,,,,,,,,,,,
		DepreciationAndAmortizationInIncomeStatement,,,,,,,,,,,,,,,,,,,,,,,,,,,,,,,,,,,,,,,,,,,,,,,,,,,,,,,,,,,,,,,,,,,,,,,,,,,,,,,,,,,,,,,,,,,,"76,220,000","64,107,000","67,045,000","63,774,000","64,143,000","64,500,000","68,400,000","75,400,000","71,900,000","69,700,000","69,700,000","74,700,000","86,700,000","76,900,000","74,300,000","75,400,000","73,500,000","71,800,000","72,500,000","71,800,000","71,000,000","73,500,000","71,900,000","69,500,000","70,400,000","69,500,000","59,900,000","68,000,000","68,500,000","63,900,000","70,600,000","68,500,000","65,600,000","67,200,000","52,200,000","62,100,000","61,400,000","55,300,000","54,400,000","51,600,000","50,000,000","47,400,000","44,500,000","42,600,000","44,200,000","40,300,000",,,,,,,,,,,,,,,,
	OtherOperatingExpenses,,,,,,,,,,,,,,,,,,,,,,,,,,,,,,,,,,,,,,,,,,,,,,,,,,,,,,,,"0",,,,"324,000,000",,,"-109,000,000",,,,,,,,,,,,,,,,,,,,,"192,000",,,"34,000,000","0","-170,000,000",,,,,,,,,,,,,,,,,,,,,,,,,,,,,,,,,,,,,,,,,,,,,,,,,,,,,,,,,,,,,,,,
OperatingIncome,"1,223,000,000","188,000,000","181,000,000","653,000,000","201,775,000","241,830,000","279,999,000","879,208,000","408,498,000","599,077,000","572,060,000","1,272,601,000","580,611,000","44,040,000","-317,698,000","801,000,000","-151,214,000","174,601,000","153,345,000","771,290,000","54,395,000","228,137,000","154,807,000","986,639,000","231,663,000","300,895,000","209,192,000","987,552,000","283,580,000","408,216,000","323,388,000","1,077,978,000","338,764,000","402,926,000","371,843,000","956,953,000","284,113,000","375,942,000","336,100,000","863,461,000","211,026,000","357,806,000","311,181,000","880,958,000","186,948,000","305,338,000","293,227,000","873,000,000","186,102,000","193,533,000","216,823,000","720,000,000","149,098,000","236,457,000","184,976,000","589,000,000","58,885,000","148,643,000","65,000,000","44,000,000","41,000,000","186,000,000","209,000,000","621,000,000","62,000,000","89,000,000","108,000,000","727,000,000","67,000,000","197,000,000","185,946,000","731,157,000","2,671,000","203,914,000","48,258,000","627,540,000","53,145,000","226,943,000","119,372,000","641,410,000","42,172,000","170,367,000","109,000,000","572,287,000","21,489,000","140,159,000","104,000,000","624,769,000","153,458,000","77,017,000","62,756,000","491,308,000","102,118,000","158,192,000","124,398,000","603,539,000","92,500,000","131,600,000","69,400,000","483,800,000","81,000,000","76,400,000","56,400,000","475,900,000","95,200,000","72,700,000","49,700,000","424,400,000","88,400,000","81,500,000","53,800,000","343,900,000","91,400,000","96,800,000","80,000,000","440,000,000","165,600,000","102,300,000","91,200,000","338,200,000","148,800,000","126,200,000","85,600,000","414,300,000","145,300,000","142,700,000","86,400,000","342,800,000","134,600,000","140,500,000","94,700,000","293,900,000","151,100,000","140,900,000","111,600,000","269,100,000","149,500,000","990,300,000","964,600,000","-2,247,400,000","1,010,600,000","893,100,000","811,100,000","-2,108,600,000","891,700,000","822,100,000","803,500,000","-1,722,300,000","803,700,000","695,300,000","661,600,000","-1,323,600,000","613,300,000"
NetNonOperatingInterestIncomeExpense,"-348,000,000","-86,000,000","-89,000,000","-87,000,000","-86,484,000","-85,675,000","-89,429,000","-86,887,000","-90,761,000","-98,569,000","-113,706,000","-116,690,000","-120,729,000","-104,245,000","-96,798,000","-92,000,000","-92,098,000","-95,110,000","-98,897,000","-91,977,000","-95,685,000","-98,332,000","-97,899,000","-106,313,000","-98,640,000","-100,428,000","-100,608,000","-98,346,000","-96,817,000","-101,172,000","-97,328,000","-97,151,000","-78,862,000","-77,777,000","-79,948,000","-77,744,000","-80,344,000","-81,631,000","-84,000,000","-82,220,000","-76,840,000","-75,968,000","-79,374,000","-82,254,000","-77,155,000","-79,526,000","-77,792,000","-63,000,000","-63,541,000","-63,921,000","-54,225,000","-48,000,000","-46,763,000","-51,146,000","-60,478,000","-61,000,000","-55,746,000","-57,085,000","-61,000,000",,,,,,,,,,,,,,,,,,,,,,,,,,,,,,,,,,,,,,,,,,,,,,,,,,,,,,,,,,,,,,,,,,,,,,,,,,,,,,,,,,,,,,,,,,,,,,
	InterestIncomeNonOperating,,,,,,,,,,,,,,,,,,,,,,,,,,,,,,,,,,,,,,,,,,,,,,,,,"319,000","339,000","443,000","0","461,000","605,000","642,000","0","575,000","743,000","1,000,000",,,,,,,,,,,,,,,,,,,,,,,,,,,,,,,,,,,,,,,,,,,,,,,,,,,,,,,,,,,,,,,,,,,,,,,,,,,,,,,,,,,,,,,,,,,,,,
	InterestExpenseNonOperating,"348,000,000","86,000,000","89,000,000","87,000,000","86,484,000","85,675,000","89,429,000","86,887,000","90,761,000","98,569,000","113,706,000","116,690,000","120,729,000","104,245,000","96,798,000","92,000,000","92,098,000","95,110,000","98,897,000","91,977,000","95,685,000","98,332,000","97,899,000","106,313,000","98,640,000","100,428,000","100,608,000","98,346,000","96,817,000","101,172,000","97,328,000","97,151,000","78,862,000","77,777,000","79,948,000","77,744,000","80,344,000","81,631,000","80,700,000","82,220,000","76,840,000","75,968,000","79,374,000","82,254,000","77,155,000","79,526,000","77,792,000","63,000,000","63,860,000","64,260,000","54,668,000","48,000,000","47,224,000","51,751,000","61,120,000","61,000,000","56,321,000","57,828,000","62,000,000",,,,,,,,,,,,,,,,,,,,,,,,,,,,,,,,,,,,,,,,,,,,,,,,,,,,,,,,,,,,,,,,,,,,,,,,,,,,,,,,,,,,,,,,,,,,,,
OtherIncomeExpense,"59,000,000","25,000,000","20,000,000","10,000,000","3,442,000","1,531,000","1,629,000","-1,547,000","-90,773,000","-1,137,000","-105,341,000","-546,000","-50,418,000","-56,000","2,247,000","-715,000,000","-34,051,000","-37,651,000","6,152,000","-685,856,000","164,000","-830,000","1,401,000","-38,146,000","1,639,000","16,617,000","9,863,000","3,417,000","3,417,000","73,014,000","6,918,000","1,274,000","-440,000","-1,921,000","77,694,000","337,000","701,000","1,962,000","3,000,000","5,550,000","7,238,000","1,016,000","2,990,000","-88,294,000","17,603,000","3,747,000","-2,309,000","-230,000,000","-687,000","146,410,000","86,044,000","47,000,000","-832,000","58,786,000","62,328,000","8,000,000","8,228,000","-1,811,000","-1,000,000","-215,000,000","1,000,000","17,000,000","114,000,000","11,000,000","1,000,000","346,000,000",,"3,000,000","-2,000,000","-1,000,000","-1,492,000","2,653,000","-1,063,000","-1,218,000","2,628,000","4,158,000","53,311,000","18,597,000","40,934,000","-3,541,000","133,416,000","910,000","71,000,000","-16,250,000","10,729,000","4,243,000","-27,000,000","6,216,000","172,631,000","69,247,000","5,906,000","-18,740,000","6,850,000","9,947,000","12,421,000","50,140,000","20,700,000","-600,000","15,300,000","15,000,000","12,600,000","1,667,000,000","104,800,000","-261,000,000","69,000,000","6,800,000","17,400,000","-800,000","125,400,000","6,500,000","17,100,000","49,000,000","616,500,000","4,200,000","2,700,000","5,200,000","1,300,000","1,300,000","2,800,000","3,200,000","3,700,000","1,300,000","1,700,000","700,000","2,100,000","4,100,000","12,200,000","1,100,000","1,900,000","4,900,000","3,700,000","3,300,000","4,200,000","2,600,000","2,500,000","400,000","2,800,000",,,,,,,,,,,,,,,,
	SpecialIncomeCharges,,,,,,"2,000,000",,,,,"-105,000,000","0",,,,,,,,"-689,576,000",,,,,,,,,,,,,,,,,,,,"0",,,,"-93,201,000","17,603,000","3,747,000","-2,309,000","-230,000,000","-687,000","146,410,000","86,044,000","47,000,000","-832,000","58,786,000","62,328,000","8,000,000","8,228,000","-1,811,000","-1,000,000","-215,000,000","1,000,000","17,000,000","114,000,000","11,000,000","1,000,000","346,000,000",,"3,000,000","-2,000,000","-1,000,000","-1,492,000","2,653,000","-1,063,000","-1,218,000","2,628,000","4,158,000","53,311,000","18,597,000","40,934,000","-3,541,000","133,416,000","910,000","71,000,000","-16,250,000","10,729,000","4,243,000","-27,000,000","6,216,000","172,631,000","69,247,000","5,906,000","-18,740,000","6,850,000","9,947,000","12,421,000","50,140,000","20,700,000","-600,000","15,300,000","15,000,000","12,600,000","1,667,000,000","104,800,000","-261,000,000","69,000,000","6,800,000","17,400,000","-800,000","125,400,000","6,500,000","17,100,000","49,000,000","616,500,000","4,200,000","2,700,000","5,200,000","1,300,000","1,300,000","2,800,000","3,200,000","3,700,000","1,300,000","1,700,000","700,000","2,100,000","4,100,000","12,200,000","1,100,000","1,900,000","4,900,000","3,700,000","3,300,000","4,200,000","2,600,000","2,500,000","400,000","2,800,000",,,,,,,,,,,,,,,,
		RestructuringAndMergernAcquisition,,,,,,,,,,,,,,,,,,,,,,,,,,,,,,,,,,,,,,,,,,,,,,,,,,,,,,,,,,,,,,,,"0",,"-230,000,000",,,,,,,,,,,,,,,,,,,,,,,,,,,,,,,,,,,,,,,,,,,,,,,,,,,,,,,,,,,,,,,,,,,,,,,,,,,,,,,,,,,,,,,
		ImpairmentOfCapitalAssets,,,,,,,,,,,,"0",,,,,,,,"689,576,000",,,,,,,,,,,,,,,,,,,,"0",,,,"93,201,000",,,,,,,,,,,,,,,,,,,,,,,,,,,,,,,,,,,,,,,,,,,,,,,,,,,,,,,,,,,,,,,,,,,,,,,,,,,,,,,,,,,,,,,,,,,,,,,,,,,,,,,,,,,,,
		OtherSpecialCharges,,,,,,"-2,000,000",,,,,"105,000,000",,,,,,,,,,,,,,,,,,,,,,,,,,,,,,,,,,,,,,,,,,,,,,,,,,,,,"-11,000,000",,"-116,000,000",,,,,,,,,,,,,,,,,,,,,,,,,,,,,,,,,,,,,,,,,,,,,,,,,,,,,,,,,,,,,,,,,,,,,,,,,,,,,,,,,,,,,,,
		GainOnSaleOfBusiness,,,,,,,,,,,,,,,,,,,,"0",,,,,,,,,,,,,,,,,,,,,,,,"0",,,,,,,,,,,,,,,,,,,,,,,,,,,,,,,,,,,,,,,,,,,,,,,,,,,,,,,,,,,,,,,,,,,,,,,,,,,,,,,,,,,,,,,,,,,,,,,,,,,,,,,,,,,,,
	OtherNonOperatingIncomeExpenses,"59,000,000","25,000,000","20,000,000","10,000,000","3,442,000","1,531,000","1,629,000","-1,547,000","-90,773,000","-1,137,000","-105,341,000","-546,000","-50,418,000","-56,000","2,247,000","5,000,000","-34,051,000","-37,651,000","6,152,000","3,720,000","164,000","-830,000","1,401,000","-38,146,000","1,639,000","16,617,000","9,863,000","3,417,000","3,417,000","73,014,000","6,918,000","1,274,000","-440,000","-1,921,000","77,694,000","337,000","701,000","1,962,000","3,000,000","5,550,000","7,238,000","1,016,000","2,990,000","4,907,000",,,,,,,,,,,,,,,,,,,,,,,,,,,,,,,,,,,,,,,,,,,,,,,,,,,,,,,,,,,,,,,,,,,,,,,,,,,,,,,,,,,,,,,,,,,,,,,,,,,,,,,,,,,,,
PretaxIncome,"934,000,000","127,000,000","112,000,000","576,000,000","118,733,000","157,686,000","192,199,000","790,774,000","226,964,000","499,371,000","353,013,000","1,155,365,000","409,464,000","-60,261,000","-412,249,000","-6,000,000","-277,363,000","41,840,000","60,600,000","-6,543,000","-41,126,000","128,975,000","58,309,000","842,180,000","134,662,000","217,084,000","118,447,000","892,623,000","190,180,000","380,058,000","232,978,000","982,101,000","259,462,000","323,228,000","369,589,000","879,546,000","204,470,000","296,273,000","255,400,000","786,791,000","141,424,000","282,854,000","234,797,000","710,410,000","127,396,000","229,559,000","213,126,000","580,000,000","121,874,000","276,022,000","248,642,000","719,000,000","101,503,000","244,097,000","186,826,000","536,000,000","11,367,000","89,747,000","3,000,000","110,000,000","3,000,000","164,000,000","176,000,000","591,000,000","23,000,000","423,000,000","92,000,000","706,000,000","42,000,000","180,000,000","169,684,000","758,086,000","-19,308,000","185,077,000","33,145,000","617,066,000","100,345,000","241,952,000","156,637,000","634,837,000","200,674,000","167,959,000","163,000,000","577,120,000","25,775,000","138,247,000","96,000,000","573,608,000","149,151,000","126,550,000","54,691,000","420,151,000","87,231,000","139,573,000","111,950,000","587,059,000","86,700,000","97,400,000","60,500,000","441,400,000","70,400,000","1,714,300,000","137,500,000","164,300,000","138,700,000","52,600,000","44,900,000","375,400,000","188,500,000","61,200,000","50,200,000","352,200,000","685,300,000","80,800,000","66,200,000","425,700,000","150,500,000","88,800,000","79,300,000","325,300,000","136,200,000","111,200,000","72,200,000","399,900,000","130,000,000","131,100,000","84,500,000","328,300,000","118,900,000","129,200,000","83,900,000","282,100,000","138,900,000","130,000,000","102,300,000","256,100,000","138,900,000",,,,,,,,,,,,,,,,
TaxProvision,"235,000,000","28,000,000","31,000,000","148,000,000","27,708,000","37,674,000","37,294,000","198,214,000","49,910,000","125,178,000","76,397,000","295,034,000","78,882,000","-10,664,000","-115,382,000","186,000,000","-25,371,000","4,244,000","20,345,000","185,712,000","1,624,000","29,941,000","10,792,000","178,108,000","48,677,000","78,210,000","24,393,000","260,878,000","68,540,000","127,636,000","80,672,000","346,084,000","95,431,000","120,751,000","119,123,000","314,733,000","72,662,000","107,916,000","98,500,000","297,171,000","49,440,000","103,940,000","92,294,000","299,014,000","54,036,000","85,910,000","88,568,000","221,000,000","27,597,000","44,828,000","83,471,000","266,000,000","40,176,000","65,430,000","74,326,000","180,000,000","-3,487,000","29,484,000","0","94,000,000","-1,000,000","62,000,000","78,000,000","202,000,000","11,000,000","159,000,000","39,000,000","266,000,000","18,000,000","67,000,000","71,000,000","216,000,000","-7,000,000","72,000,000","10,000,000","235,000,000","22,000,000","94,000,000","60,000,000","247,000,000","71,000,000","66,000,000","65,000,000","230,000,000","10,000,000","55,000,000","46,000,000","247,000,000","59,000,000","55,000,000","24,000,000","182,000,000","38,000,000","62,000,000","49,000,000","253,000,000","46,000,000","45,000,000","27,000,000","191,000,000","31,000,000","30,000,000","58,000,000","79,000,000","59,000,000","25,000,000","20,000,000","162,000,000","29,000,000","28,000,000","22,000,000","136,000,000","28,000,000","32,000,000","27,000,000","169,000,000","60,000,000","35,000,000","32,000,000","129,000,000","54,000,000","43,000,000","28,000,000","156,000,000","50,000,000","51,000,000","33,000,000","128,000,000","46,000,000","50,000,000","33,000,000","110,000,000","54,000,000","51,000,000","40,000,000","103,000,000","54,000,000",,,,,,,,,,,,,,,,
NetIncomeCommonStockholders,"705,000,000","99,000,000","81,000,000","434,000,000","91,025,000","120,012,000","154,905,000","594,866,000","87,805,000","374,193,000","276,616,000","860,331,000","330,582,000","-49,597,000","-296,867,000","-192,000,000","-251,992,000","37,596,000","40,255,000","-192,255,000","-42,750,000","99,034,000","47,517,000","664,072,000","85,985,000","138,874,000","94,054,000","631,745,000","121,640,000","252,422,000","152,306,000","636,017,000","164,031,000","202,477,000","250,466,000","564,813,000","131,808,000","188,357,000","156,900,000","489,620,000","91,984,000","178,914,000","142,503,000","411,396,000","73,360,000","143,649,000","124,558,000","359,000,000","94,277,000","231,194,000","165,171,000","453,000,000","61,327,000","178,667,000","112,500,000","356,000,000","14,854,000","60,263,000","3,000,000","16,000,000","4,000,000","102,000,000","98,000,000","389,000,000","12,000,000","264,000,000","53,000,000","440,000,000","24,000,000","113,000,000","99,380,000","559,086,000","-12,308,000","113,077,000","23,145,000","382,066,000","78,345,000","147,952,000","96,637,000","387,837,000","129,674,000","101,959,000","98,000,000","353,120,000","15,775,000","83,247,000","50,000,000","326,608,000","90,151,000","71,550,000","30,691,000","238,151,000","49,231,000","77,573,000","62,950,000","334,059,000","40,700,000","52,400,000","33,500,000","250,400,000","39,400,000","1,684,300,000","79,500,000","85,300,000","79,700,000","27,600,000","24,900,000","213,400,000","159,500,000","33,200,000","28,200,000","216,200,000","657,300,000","48,800,000","39,200,000","256,700,000","90,500,000","53,800,000","47,300,000","196,300,000","82,200,000","68,200,000","44,200,000","243,900,000","80,000,000","80,100,000","51,500,000","200,300,000","72,900,000","79,200,000","50,900,000","172,100,000","84,900,000","79,000,000","62,300,000","153,100,000","84,900,000",,,,,,,,,,,,,,,,
	NetIncome,"705,000,000","99,000,000","81,000,000","434,000,000","91,025,000","120,012,000","154,905,000","594,866,000","87,805,000","374,193,000","276,616,000","860,331,000","330,582,000","-49,597,000","-296,867,000","-192,000,000","-251,992,000","37,596,000","40,255,000","-192,255,000","-42,750,000","99,034,000","47,517,000","664,072,000","85,985,000","138,874,000","94,054,000","631,745,000","121,640,000","252,422,000","152,306,000","636,017,000","164,031,000","202,477,000","250,466,000","564,813,000","131,808,000","188,357,000","156,900,000","489,620,000","91,984,000","178,914,000","142,503,000","411,396,000","73,360,000","143,649,000","124,558,000","359,000,000","94,277,000","231,194,000","165,171,000","453,000,000","61,327,000","178,667,000","112,500,000","356,000,000","14,854,000","60,263,000","3,000,000","16,000,000","4,000,000","102,000,000","98,000,000","389,000,000","12,000,000","264,000,000","53,000,000","440,000,000","24,000,000","113,000,000","99,380,000","559,086,000","-12,308,000","113,077,000","23,145,000","382,066,000","78,345,000","147,952,000","96,637,000","387,837,000","129,674,000","101,959,000","98,000,000","353,120,000","15,775,000","83,247,000","50,000,000","326,608,000","90,151,000","71,550,000","30,691,000","238,151,000","49,231,000","77,573,000","62,950,000","334,059,000","40,700,000","52,400,000","33,500,000","250,400,000","39,400,000","1,684,300,000","79,500,000","85,300,000","79,700,000","27,600,000","24,900,000","213,400,000","159,500,000","33,200,000","28,200,000","216,200,000","657,300,000","48,800,000","39,200,000","256,700,000","90,500,000","53,800,000","47,300,000","196,300,000","82,200,000","68,200,000","44,200,000","243,900,000","80,000,000","80,100,000","51,500,000","200,300,000","72,900,000","79,200,000","50,900,000","172,100,000","84,900,000","79,000,000","62,300,000","153,100,000","84,900,000",,,,,,,,,,,,,,,,
		NetIncomeIncludingNoncontrollingInterests,"705,000,000","99,000,000","81,000,000","434,000,000","91,025,000","120,012,000","154,905,000","594,866,000","87,805,000","374,193,000","276,616,000","860,331,000","330,582,000","-49,597,000","-296,867,000","-192,000,000","-251,992,000","37,596,000","40,255,000","-192,255,000","-42,750,000","99,034,000","47,517,000","664,072,000","85,985,000","138,874,000","94,054,000","631,745,000","121,640,000","252,422,000","152,306,000","636,017,000","164,031,000","202,477,000","250,466,000","564,813,000","131,808,000","188,357,000","156,900,000","489,620,000","91,984,000","178,914,000","142,503,000","411,396,000","73,360,000","143,649,000","124,558,000","359,000,000","94,277,000","231,194,000","165,171,000","453,000,000","61,327,000","178,667,000","112,500,000","356,000,000","14,854,000","60,263,000","3,000,000","16,000,000","4,000,000","99,000,000","99,000,000","390,000,000","11,000,000","248,000,000","47,000,000","440,000,000","24,000,000","113,000,000","99,380,000","559,086,000","-12,308,000","113,077,000","23,145,000","382,066,000","78,345,000","147,952,000","96,637,000","387,837,000","129,674,000","101,959,000","98,000,000","353,057,000","15,775,000","83,247,000","56,000,000","375,355,000","88,415,000","82,854,000","36,376,000","273,829,000","56,142,000","93,468,000","73,811,000","379,682,000","46,700,000","66,000,000","40,900,000","288,300,000","45,500,000","1,696,900,000","87,400,000","117,900,000","87,300,000","38,200,000","30,500,000","242,000,000","164,100,000","41,400,000","32,500,000","238,600,000","657,300,000","48,800,000","39,200,000","256,700,000","90,500,000","53,800,000","47,300,000","196,300,000","82,200,000","68,200,000","44,200,000","243,900,000","80,000,000","80,100,000","51,500,000","200,300,000","72,900,000","79,200,000","50,900,000","172,100,000","84,900,000","79,000,000","62,300,000","153,100,000","84,900,000","63,800,000","45,200,000","120,100,000","70,400,000","30,700,000","23,900,000","63,300,000","69,300,000","57,200,000","45,500,000","87,600,000","68,600,000","40,200,000","31,400,000","56,100,000","42,100,000"
			NetIncomeContinuousOperations,"699,000,000","99,000,000","81,000,000","428,000,000","91,025,000","120,012,000","154,905,000","592,560,000","177,054,000","374,193,000","276,616,000","860,331,000","330,582,000","-49,597,000","-296,867,000","-192,000,000","-251,992,000","37,596,000","40,255,000","-192,255,000","-42,750,000","99,034,000","47,517,000","664,072,000","85,985,000","138,874,000","94,054,000","631,745,000","121,640,000","252,422,000","152,306,000","636,017,000","164,031,000","202,477,000","250,466,000","564,813,000","131,808,000","188,357,000","156,900,000","489,620,000","91,984,000","178,914,000","142,503,000","411,396,000","73,360,000","143,649,000","124,558,000","359,000,000","94,277,000","231,194,000","165,171,000","453,000,000","61,327,000","178,667,000","112,500,000","356,000,000","14,854,000","60,263,000","3,000,000","16,000,000","4,000,000","102,000,000","98,000,000","389,000,000","12,000,000","264,000,000","53,000,000","440,000,000","24,000,000","113,000,000","98,684,000","542,086,000","-12,308,000","113,077,000","23,145,000","382,066,000","78,345,000","147,952,000","96,637,000","387,837,000","129,674,000","101,959,000","98,000,000","347,120,000","15,775,000","83,247,000","50,000,000","326,608,000","90,151,000","71,550,000","30,691,000","238,151,000","49,231,000","77,573,000","62,950,000","334,059,000","40,700,000","52,400,000","33,500,000","250,400,000","39,400,000","1,684,300,000","79,500,000","85,300,000","79,700,000","27,600,000","24,900,000","213,400,000","159,500,000","33,200,000","28,200,000","216,200,000","657,300,000","48,800,000","39,200,000","256,700,000","90,500,000","53,800,000","47,300,000","196,300,000","82,200,000","68,200,000","44,200,000","243,900,000","80,000,000","80,100,000","51,500,000","200,300,000","72,900,000","79,200,000","50,900,000","172,100,000","84,900,000","79,000,000","62,300,000","153,100,000","84,900,000","63,800,000","45,200,000","120,100,000","70,400,000","30,700,000","23,900,000","63,300,000","69,300,000","57,200,000","45,500,000","87,600,000","68,600,000","40,200,000","31,400,000","56,100,000","42,100,000"
			NetIncomeDiscontinuousOperations,,,,"6,000,000","0","0","0","2,306,000","-89,249,000",,,,,,,,,,,,,,,,,,,,,,,,,,,,,,,,,,,,,,,,,,,,,,,,,,,,,,,,,,,,,,,,,,,,,,,,,,,,,,,,,,,,,,,,,,,,,,,,,,,,,,,,,,,,,,,,,,,,,,,,,,,,,,,,,,,,,,,,,,,,,,,,
			NetIncomeExtraordinary,,,,,,,,,,,,,,,,,,,,,,,,,,,,,,,,,,,,,,,,,,,,,,,,,,,,,,,,,,,,,,,,,,,,"0",,,"696,000",,,,,,,,,,,,,,,,,,,,,,,,,,,,,,,,,,,,,,,,,,,,,,,,,,,,,,,,,,,,,,,,,,,,,,,,,,,,,,,,,,
		MinorityInterests,,,,,,,,,,,,,,,,,,,,,,,,,,,,,,,,,,,,,,,,,,,,,,,,,,,,,,,,"0","0","0","0","0",,"3,000,000","-1,000,000","-1,000,000","1,000,000","16,000,000","6,000,000",,,,,,,,,,,,,,,,,"63,000",,,"-6,000,000","-48,747,000","1,736,000","-11,304,000","-5,685,000","-35,678,000","-6,911,000","-15,895,000","-10,861,000","-45,623,000","-6,000,000","-13,600,000","-7,400,000","-37,900,000","-6,100,000","-12,600,000","-7,900,000","-32,600,000","-7,600,000","-10,600,000","-5,600,000","-28,600,000","-4,600,000","-8,200,000","-4,300,000",,,,,,,,,,,,,,,,,,,,,,,,,,,,,,,,,,,,,,,,,,
DilutedNIAvailtoComStockholders,"705,000,000","99,000,000","81,000,000","434,000,000","91,025,000","120,012,000","154,905,000","594,866,000","87,805,000","374,193,000","276,616,000","860,331,000","330,582,000","-49,597,000","-296,867,000","-192,000,000","-251,992,000","37,596,000","40,255,000","-192,255,000","-42,750,000","99,034,000","47,517,000","664,072,000","85,985,000","138,874,000","94,054,000","631,745,000","121,640,000","252,422,000","152,306,000","636,017,000","164,031,000","202,477,000","250,466,000","564,813,000","131,808,000","188,357,000","156,900,000","489,620,000","91,984,000","178,914,000","142,503,000","411,396,000","73,360,000","143,649,000","124,558,000","359,000,000","94,277,000","231,194,000","165,171,000","453,000,000","61,327,000","178,667,000","112,500,000","356,000,000","14,854,000","60,263,000","3,000,000","16,000,000","4,000,000","102,000,000","98,000,000","389,000,000","12,000,000","264,000,000","53,000,000","440,000,000","24,000,000","113,000,000","99,380,000","559,086,000","-12,308,000","113,077,000","23,145,000","382,066,000","78,345,000","147,952,000","96,637,000","387,837,000","129,674,000","101,959,000","98,000,000","353,120,000","15,775,000","83,247,000","50,000,000","326,608,000","90,151,000","71,550,000","30,691,000","238,151,000","49,231,000","77,573,000","62,950,000","334,059,000","40,700,000","52,400,000","33,500,000","250,400,000","39,400,000","1,684,300,000","79,500,000","85,300,000","79,700,000","27,600,000","24,900,000","213,400,000","159,500,000","33,200,000","28,200,000","216,200,000","657,300,000","48,800,000","39,200,000","256,700,000","90,500,000","53,800,000","47,300,000","196,300,000","82,200,000","68,200,000","44,200,000","243,900,000","80,000,000","80,100,000","51,500,000","200,300,000","72,900,000","79,200,000","50,900,000","172,100,000","84,900,000","79,000,000","62,300,000","153,100,000","84,900,000",,,,,,,,,,,,,,,,
BasicEPS,,"0.434","0.354","1.895","0.4","0.52","0.65","2.283","0.33","1.36","0.99","3.031","1.19","-0.18","-1.07","-0.7","-0.912","0.136","0.146","-0.695","-0.155","0.357","0.17","2.334","0.305","0.486","0.329","2.209","0.425","0.883","0.529","2.193","0.564","0.693","0.857","1.934","0.451","0.633","0.528","1.648","0.31","0.606","0.483","1.393","0.255","0.499","0.427","1.2","0.317","0.768","0.536","1.4","0.191","0.548","0.348","1.1","0.046","0.187","0.01","0.06","0.01","0.3","0.29","1.05","0.03","0.68","0.13","1.11","0.06","0.29","0.25","1.29","-0.002","0.2","0.2","0.83","0.17","0.31","0.19","0.75","0.25","0.2","0.19","0.69","0.03","0.16","0.11","0.74","0.21","0.17","0.07","0.51","0.12","0.18","0.15","0.69","0.1","0.12","0.08","0.58","0.09","3.57","0.15","0.15","0.15","0.05","0.05","0.38","0.3","0.06","0.05","0.31","0.92","0.07","0.06","0.355","0.13","0.08","0.07","0.28","0.12","0.1","0.06","0.34","0.11","0.11","0.07","0.28","0.1","0.11","0.07","0.25","0.12","0.11","0.09","0.22","0.12","0.09","0.07","0","0.1","0.05","0.04","0","0.09","0.08","0.06","0","0.09","0.06","0.05","0","0.06"
DilutedEPS,,"0.43","0.35","1.89","0.4","0.52","0.64","2.28","0.33","1.34","0.97","3.03","1.17","-0.18","-1.07","-0.7","-0.912","0.136","0.14","-0.7","-0.16","0.357","0.17","2.33","0.3","0.48","0.329","2.18","0.42","0.87","0.52","2.15","0.55","0.68","0.84","1.89","0.44","0.63","0.528","1.648","0.31","0.606","0.48","1.39","0.25","0.49","0.41","1.15","0.31","0.73","0.5","1.36","0.18","0.54","0.34","1.09","0.046","0.187","0.01","0.05","0.01","0.3","0.28","1.04","0.03","0.67","0.13","1.09","0.06","0.28","0.25","1.26","-0.002","0.2","0.2","0.81","0.16","0.31","0.19","0.73","0.25","0.19","0.19","0.67","0.03","0.15","0.1","0.72","0.21","0.16","0.07","0.49","0.11","0.17","0.14","0.66","0.09","0.11","0.07","0.56","0.09","3.47","0.14","0.15","0.15","0.05","0.05","0.37","0.3","0.06","0.05","0.3","0.92","0.07","0.06","0.355","0.13","0.08","0.07","0.27","0.12","0.1","0.06","0.34","0.11","0.11","0.07","0.28","0.1","0.11","0.07","0.24","0.12","0.11","0.09","0.21","0.12","0.09","0.07","0","0.1","0.05","0.04","0","0.09","0.08","0.06","0","0.09","0.06","0.05","0","0.06"
BasicAverageShares,,"228,000,000","229,000,000","229,000,000","228,000,000","230,000,000","240,000,000","260,000,000","263,000,000","275,000,000","279,000,000","278,000,000","279,000,000","278,000,000","277,000,000","276,000,000","276,398,000","276,000,000","276,000,000","276,477,000","275,000,000","275,000,000","278,000,000","284,546,000","282,000,000","286,000,000","286,000,000","286,000,000","286,000,000","286,000,000","288,000,000","290,000,000","291,000,000","291,000,000","292,000,000","292,000,000","293,000,000","297,342,000","297,300,000","297,018,000","296,544,000","295,473,000","295,185,000","295,423,000","288,000,000","288,000,000","292,000,000","295,000,000","297,000,000","301,000,000","308,000,000","320,000,000","321,000,000","323,000,000","325,000,000","322,000,000","321,000,000","321,000,000","321,000,000","323,000,000","337,000,000","339,000,000","341,000,000","349,044,000","360,909,000","388,235,294","407,692,308","396,103,550","395,153,000","389,655,172","400,000,000","395,631,824","400,803,000","410,000,000","416,325,000","431,117,000","470,774,000","477,264,516","508,615,789","518,287,870","517,083,000","509,795,000","510,526,316","521,283,000","523,018,000","521,512,000","474,000,000","475,322,034","429,000,000","427,587,000","438,442,857","517,427,263","425,578,000","428,616,000","430,484,000","570,942,998","407,000,000","460,452,000","418,750,000","452,112,197","437,777,778","471,792,717","530,000,000","578,493,590","531,333,333","552,000,000","498,000,000","570,666,667","531,666,667","553,333,333","564,000,000","698,985,043","714,456,522","697,142,857","653,333,333","716,962,000","717,762,000","717,268,000","717,126,000","680,303,030","685,000,000","682,000,000","736,666,667","703,097,975","727,272,727","728,181,818","735,714,286","705,714,286","729,000,000","720,000,000","727,142,857","655,714,286","707,500,000","718,181,818","692,222,222","678,503,401","707,500,000","717,816,000","716,772,000","716,772,000","716,724,000","715,388,000","715,388,000","715,388,000","755,904,000","755,516,000","754,596,000","754,596,000","753,128,000","720,116,000","717,480,000","718,644,000","716,204,000"
DilutedAverageShares,,"229,000,000","230,000,000","230,000,000","229,000,000","231,000,000","243,000,000","261,000,000","267,000,000","280,000,000","284,000,000","281,000,000","283,000,000","278,000,000","277,000,000","284,000,000","276,398,000","278,487,000","278,165,000","276,477,000","275,103,000","278,723,000","281,587,000","285,009,442","285,437,000","288,936,000","289,327,000","290,231,000","290,265,000","290,986,000","292,778,000","295,174,000","295,923,000","296,913,000","299,143,000","299,040,000","298,134,000","298,979,365","297,300,000","297,018,000","296,722,581","295,473,000","296,881,250","295,968,345","294,386,000","296,030,000","301,238,000","305,000,000","307,928,000","314,800,000","328,472,000","333,000,000","331,981,000","333,742,000","332,898,000","330,000,000","328,259,000","325,697,000","323,000,000","323,000,000","340,000,000","341,000,000","344,000,000","352,865,000","364,975,000","394,029,851","407,692,308","404,870,810","401,896,000","403,571,429","400,000,000","408,325,133","400,803,000","410,000,000","416,325,000","440,366,000","479,898,000","477,264,516","508,615,789","531,063,529","524,380,000","536,626,316","510,526,316","532,824,000","531,209,000","536,843,000","487,000,000","484,655,172","433,000,000","435,832,000","438,442,857","548,415,681","441,369,000","446,229,000","445,306,000","575,017,921","452,222,222","460,452,000","478,571,429","465,677,753","437,777,778","485,389,049","567,857,143","578,493,590","531,333,333","552,000,000","498,000,000","599,584,416","531,666,667","553,333,333","564,000,000","720,245,408","714,456,522","697,142,857","653,333,333","717,386,000","717,762,000","717,268,000","717,126,000","732,962,963","685,000,000","682,000,000","736,666,667","703,097,975","727,272,727","728,181,818","735,714,286","705,714,286","729,000,000","720,000,000","727,142,857","707,454,545","707,500,000","718,181,818","692,222,222","737,500,000","707,500,000","717,816,000","716,772,000","716,772,000","716,724,000","715,388,000","715,388,000","715,388,000","755,904,000","755,516,000","754,596,000","754,596,000","753,128,000","720,116,000","717,480,000","718,644,000","716,204,000"
TotalOperatingIncomeAsReported,"1,223,000,000","188,000,000","181,000,000","653,000,000","201,775,000","241,830,000","279,999,000","879,208,000","408,498,000","599,077,000","572,060,000","1,272,601,000","580,611,000","44,040,000","-317,698,000","81,000,000","-151,214,000","174,601,000","153,345,000","81,714,000","54,395,000","228,137,000","154,807,000","986,639,000","231,663,000","300,895,000","209,192,000","987,552,000","283,580,000","408,216,000","323,388,000","1,077,978,000","338,764,000","402,926,000","371,843,000","956,953,000","284,113,000","375,942,000","336,100,000","863,461,000","211,026,000","357,806,000","311,181,000","787,757,000","186,948,000","305,338,000","293,227,000","641,000,000","186,102,000","193,533,000","216,823,000","714,000,000","149,098,000","236,457,000","184,976,000","586,000,000","58,885,000","148,643,000","65,000,000","153,000,000","41,000,000","186,000,000","209,000,000","621,000,000","62,000,000","319,000,000","108,000,000","727,000,000","67,000,000","197,000,000","185,946,000","731,157,000","2,671,000","203,914,000","48,258,000","627,540,000","53,145,000","226,943,000","119,372,000","641,410,000","42,172,000","170,367,000","109,000,000","572,287,000","21,489,000","140,159,000","104,000,000","624,769,000","153,458,000","77,017,000","62,756,000","491,308,000","102,118,000","158,192,000","124,398,000","603,539,000","92,500,000","131,600,000","69,400,000","483,800,000","81,000,000","76,400,000","56,400,000","475,900,000","95,200,000","72,700,000","49,700,000","424,400,000","88,400,000","81,500,000","53,800,000","343,900,000","91,400,000","96,800,000","80,000,000","440,000,000","165,600,000","102,300,000","91,200,000","338,200,000","148,800,000","126,200,000","85,600,000","414,300,000","145,300,000","142,700,000","86,400,000","342,800,000","134,600,000","140,500,000","94,700,000","293,900,000","151,100,000","140,900,000","111,600,000","269,100,000","149,500,000",,,,,,,,,,,,,,,,
TotalExpenses,"6,225,000,000","1,371,000,000","1,215,000,000","2,236,000,000","1,402,686,000","1,375,673,000","1,169,911,000","2,148,195,000","1,272,407,000","2,718,496,000","2,451,639,000","3,545,339,000","2,474,665,000","2,275,426,000","1,971,907,000","3,906,000,000","2,827,961,000","2,726,937,000","2,475,464,000","3,935,851,000","2,720,479,000","2,755,712,000","2,471,039,000","3,836,466,000","2,386,121,000","2,454,125,000","2,227,331,000","3,501,931,000","2,297,399,000","2,481,528,000","2,290,427,000","3,317,061,000","2,142,811,000","2,362,311,000","2,140,096,000","3,111,732,000","2,034,738,000","2,299,369,000","2,055,000,000","2,954,741,000","1,960,061,000","2,158,147,000","1,956,775,000","2,974,625,000","1,863,241,000","2,093,757,000","1,860,557,000","2,642,000,000","1,987,318,000","2,264,602,000","2,000,194,000","2,736,000,000","1,834,274,000","2,006,053,000","1,746,560,000","2,474,000,000","1,718,404,000","1,917,967,000","1,660,000,000","2,947,000,000","1,802,000,000","2,098,000,000","1,716,000,000","2,655,000,000","1,861,000,000","2,535,000,000","2,203,000,000","3,298,000,000","2,048,000,000","2,257,000,000","1,891,145,000","2,810,459,000","1,888,880,000","2,086,987,000","1,926,674,000","2,700,570,000","1,837,710,000","1,983,889,000","1,858,831,000","2,589,417,000","1,804,598,000","1,843,739,000","1,733,000,000","1,750,130,000","1,961,127,000","1,972,629,000","1,923,000,000","2,512,791,000","1,753,026,000","2,115,094,000","2,064,089,000","3,072,693,000","2,067,074,000","2,104,785,000","1,984,038,000","2,683,095,000","1,971,600,000","2,136,200,000","2,035,400,000","2,772,100,000","1,918,900,000","2,006,700,000","1,951,700,000","2,792,500,000","1,975,400,000","1,947,400,000","1,780,100,000","2,541,900,000","1,906,600,000","1,814,100,000","1,734,100,000","2,427,400,000","1,711,900,000","1,621,800,000","1,508,100,000","2,098,600,000","1,549,600,000","1,483,100,000","1,390,400,000","2,082,600,000","1,467,900,000","1,562,800,000","1,433,000,000","2,013,700,000","1,466,000,000","1,346,700,000","1,329,200,000","1,713,300,000","1,298,800,000","1,234,700,000","1,189,800,000","1,449,800,000","1,096,800,000","1,013,700,000","995,700,000","1,313,400,000","960,900,000",,,,,,,,,,,,,,,,
NetIncomeFromContinuingAndDiscontinuedOperation,"705,000,000","99,000,000","81,000,000","434,000,000","91,025,000","120,012,000","154,905,000","594,866,000","87,805,000","374,193,000","276,616,000","860,331,000","330,582,000","-49,597,000","-296,867,000","-192,000,000","-251,992,000","37,596,000","40,255,000","-192,255,000","-42,750,000","99,034,000","47,517,000","664,072,000","85,985,000","138,874,000","94,054,000","631,745,000","121,640,000","252,422,000","152,306,000","636,017,000","164,031,000","202,477,000","250,466,000","564,813,000","131,808,000","188,357,000","156,900,000","489,620,000","91,984,000","178,914,000","142,503,000","411,396,000","73,360,000","143,649,000","124,558,000","359,000,000","94,277,000","231,194,000","165,171,000","453,000,000","61,327,000","178,667,000","112,500,000","356,000,000","14,854,000","60,263,000","3,000,000","16,000,000","4,000,000","102,000,000","98,000,000","389,000,000","12,000,000","264,000,000","53,000,000","440,000,000","24,000,000","113,000,000","98,684,000","542,086,000","-12,308,000","113,077,000","23,145,000","382,066,000","78,345,000","147,952,000","96,637,000","387,837,000","129,674,000","101,959,000","98,000,000","353,120,000","15,775,000","83,247,000","50,000,000","326,608,000","90,151,000","71,550,000","30,691,000","238,151,000","49,231,000","77,573,000","62,950,000","334,059,000","40,700,000","52,400,000","33,500,000","250,400,000","39,400,000","1,684,300,000","79,500,000","85,300,000","79,700,000","27,600,000","24,900,000","213,400,000","159,500,000","33,200,000","28,200,000","216,200,000","657,300,000","48,800,000","39,200,000","256,700,000","90,500,000","53,800,000","47,300,000","196,300,000","82,200,000","68,200,000","44,200,000","243,900,000","80,000,000","80,100,000","51,500,000","200,300,000","72,900,000","79,200,000","50,900,000","172,100,000","84,900,000","79,000,000","62,300,000","153,100,000","84,900,000",,,,,,,,,,,,,,,,
NormalizedIncome,"699,000,000","99,000,000","81,000,000","428,000,000","91,025,000","120,012,000","154,905,000","592,560,000","177,054,000","374,193,000","276,616,000","860,331,000","330,582,000","-49,597,000","-296,867,000","-192,000,000","-251,992,000","37,596,000","40,255,000","311,135,480","-42,750,000","99,034,000","47,517,000","664,072,000","85,985,000","138,874,000","94,054,000","631,745,000","121,640,000","252,422,000","152,306,000","636,017,000","164,031,000","202,477,000","250,466,000","564,813,000","131,808,000","188,357,000","156,900,000","489,620,000","91,984,000","178,914,000","142,503,000","471,976,650","61,918,050","141,304,274.666","126,058,850","501,362,068.966","94,808,436.557","108,562,059.285","108,012,621.592","423,388,038.943","61,829,685.28","135,638,538.929","74,968,285.999","350,686,567.164","9,505,800","61,479,043.912","4,000,000","155,750,000","3,350,000","91,426,829.268","23,900,000","381,759,729.272","11,350,000","48,056,737.589","53,000,000","438,130,311.615","25,200,000","113,627,777.778","99,579,200","540,188,914.237","-11,630,384.297","113,821,164.785","21,309,879.771","379,491,509.706","36,722,096.069","136,580,061.169","71,382,820.221","390,000,280.995","43,461,603.855","101,406,587.268","55,312,883.436","356,893,877.183","9,208,560.621","80,692,029.397","66,200,000","322,878,400","-14,191,963.044","30,001,800","27,147,400","249,395,000","45,121,000","71,604,800","55,497,400","303,975,000","28,280,000","52,760,000","24,320,000","241,400,000","31,840,000","46,472,256.898","16,620,000","241,900,000","38,300,000","23,520,000","14,460,000","213,880,000","53,392,307.692","29,300,000","17,940,000","186,121,067.575","65,988,968.335","46,263,366.337","37,580,000","253,564,364.576","89,718,272.425","53,012,387.387","45,620,000","194,368,982.478","79,966,960.352","67,402,697.842","43,159,279.778","243,473,068.267","78,707,692.308","77,594,965.675","44,064,497.041","199,628,876.028","71,735,071.489","76,196,284.83","48,655,303.933","170,086,777.738","82,332,829.374","77,420,000","60,777,517.107","152,860,000","83,188,552.916",,,,,,,,,,,,,,,,
InterestIncome,,,,,,,,,,,,,,,,,,,,,,,,,,,,,,,,,,,,,,,,,,,,,,,,,"319,000","339,000","443,000","0","461,000","605,000","642,000","0","575,000","743,000","1,000,000",,,,,,,,,,,,,,,,,,,,,,,,,,,,,,,,,,,,,,,,,,,,,,,,,,,,,,,,,,,,,,,,,,,,,,,,,,,,,,,,,,,,,,,,,,,,,,
InterestExpense,"348,000,000","86,000,000","89,000,000","87,000,000","86,484,000","85,675,000","89,429,000","86,887,000","90,761,000","98,569,000","113,706,000","116,690,000","120,729,000","104,245,000","96,798,000","92,000,000","92,098,000","95,110,000","98,897,000","91,977,000","95,685,000","98,332,000","97,899,000","106,313,000","98,640,000","100,428,000","100,608,000","98,346,000","96,817,000","101,172,000","97,328,000","97,151,000","78,862,000","77,777,000","79,948,000","77,744,000","80,344,000","81,631,000","80,700,000","82,220,000","76,840,000","75,968,000","79,374,000","82,254,000","77,155,000","79,526,000","77,792,000","63,000,000","63,860,000","64,260,000","54,668,000","48,000,000","47,224,000","51,751,000","61,120,000","61,000,000","56,321,000","57,828,000","62,000,000",,,,,,,,,,,,,,,,,,,,,,,,,,,,,,,,,,,,,,,,,,,,,,,,,,,,,,,,,,,,,,,,,,,,,,,,,,,,,,,,,,,,,,,,,,,,,,
NetInterestIncome,"-348,000,000","-86,000,000","-89,000,000","-87,000,000","-86,484,000","-85,675,000","-89,429,000","-86,887,000","-90,761,000","-98,569,000","-113,706,000","-116,690,000","-120,729,000","-104,245,000","-96,798,000","-92,000,000","-92,098,000","-95,110,000","-98,897,000","-91,977,000","-95,685,000","-98,332,000","-97,899,000","-106,313,000","-98,640,000","-100,428,000","-100,608,000","-98,346,000","-96,817,000","-101,172,000","-97,328,000","-97,151,000","-78,862,000","-77,777,000","-79,948,000","-77,744,000","-80,344,000","-81,631,000","-84,000,000","-82,220,000","-76,840,000","-75,968,000","-79,374,000","-82,254,000","-77,155,000","-79,526,000","-77,792,000","-63,000,000","-63,541,000","-63,921,000","-54,225,000","-48,000,000","-46,763,000","-51,146,000","-60,478,000","-61,000,000","-55,746,000","-57,085,000","-61,000,000",,,,,,,,,,,,,,,,,,,,,,,,,,,,,,,,,,,,,,,,,,,,,,,,,,,,,,,,,,,,,,,,,,,,,,,,,,,,,,,,,,,,,,,,,,,,,,
EBIT,"1,282,000,000","213,000,000","201,000,000","663,000,000","205,217,000","243,361,000","281,628,000","877,661,000","317,725,000","597,940,000","466,719,000","1,272,055,000","530,193,000","43,984,000","-315,451,000","86,000,000","-185,265,000","136,950,000","159,497,000","85,434,000","54,559,000","227,307,000","156,208,000","948,493,000","233,302,000","317,512,000","219,055,000","990,969,000","286,997,000","481,230,000","330,306,000","1,079,252,000","338,324,000","401,005,000","449,537,000","957,290,000","284,814,000","377,904,000","336,100,000","869,011,000","218,264,000","358,822,000","314,171,000","792,664,000","204,551,000","309,085,000","290,918,000","643,000,000","185,734,000","340,282,000","303,310,000","767,000,000","148,727,000","295,848,000","247,946,000","597,000,000","67,688,000","147,575,000","65,000,000","44,000,000","41,000,000","186,000,000","209,000,000","621,000,000","62,000,000","89,000,000","108,000,000","727,000,000","67,000,000","197,000,000","185,946,000","731,157,000","2,671,000","203,914,000","48,258,000","627,540,000","53,145,000","226,943,000","119,372,000","641,410,000","42,172,000","170,367,000","109,000,000","572,287,000","21,489,000","140,159,000","104,000,000","624,769,000","153,458,000","77,017,000","62,756,000","491,308,000","102,118,000","158,192,000","124,398,000","603,539,000","92,500,000","131,600,000","69,400,000","483,800,000","81,000,000","76,400,000","56,400,000","475,900,000","95,200,000","72,700,000","49,700,000","424,400,000","88,400,000","81,500,000","53,800,000","343,900,000","91,400,000","96,800,000","80,000,000","440,000,000","165,600,000","102,300,000","91,200,000","338,200,000","148,800,000","126,200,000","85,600,000","414,300,000","145,300,000","142,700,000","86,400,000","342,800,000","134,600,000","140,500,000","94,700,000","293,900,000","151,100,000","140,900,000","111,600,000","269,100,000","149,500,000","990,300,000","964,600,000","-2,247,400,000","1,010,600,000","893,100,000","811,100,000","-2,108,600,000","891,700,000","822,100,000","803,500,000","-1,722,300,000","803,700,000","695,300,000","661,600,000","-1,323,600,000","613,300,000"
EBITDA,"1,526,000,000","279,000,000","264,000,000","663,000,000","205,217,000","243,361,000","281,628,000","877,661,000","317,725,000","597,940,000","466,719,000","1,272,055,000","530,193,000","43,984,000","-315,451,000","231,000,000","-185,265,000","136,950,000","159,497,000","85,434,000","54,559,000","227,307,000","156,208,000","948,493,000","233,302,000","317,512,000","219,055,000","990,969,000","286,997,000","481,230,000","330,306,000","1,079,252,000","338,324,000","401,005,000","449,537,000","957,290,000","284,814,000","377,904,000","336,100,000","869,011,000","218,264,000","358,822,000","314,171,000","792,664,000","204,551,000","309,085,000","290,918,000","744,000,000","185,734,000","340,282,000","303,310,000","870,000,000","148,727,000","295,848,000","247,946,000","702,000,000","67,688,000","147,575,000","159,000,000","137,000,000","123,000,000","270,000,000","293,000,000","709,000,000","143,000,000","177,000,000","203,000,000","813,000,000","145,000,000","274,986,000","259,960,000","809,282,000","72,812,000","276,895,000","126,011,000","733,323,000","127,677,000","304,053,000","194,947,000","695,672,000","115,811,000","248,466,000","186,000,000","646,167,000","101,520,000","222,248,000","178,000,000","690,155,000","230,956,000","145,808,000","128,081,000","567,528,000","166,225,000","225,237,000","188,172,000","667,682,000","157,000,000","200,000,000","144,800,000","555,700,000","150,700,000","146,100,000","131,100,000","562,600,000","172,100,000","147,000,000","125,100,000","497,900,000","160,200,000","154,000,000","125,600,000","414,900,000","164,900,000","168,700,000","149,500,000","510,400,000","235,100,000","162,200,000","159,200,000","406,700,000","212,700,000","196,800,000","154,100,000","479,900,000","212,500,000","194,900,000","148,500,000","404,200,000","189,900,000","194,900,000","146,300,000","343,900,000","198,500,000","185,400,000","154,200,000","313,300,000","189,800,000","990,300,000","964,600,000","-2,247,400,000","1,010,600,000","893,100,000","811,100,000","-2,108,600,000","891,700,000","822,100,000","803,500,000","-1,722,300,000","803,700,000","695,300,000","661,600,000","-1,323,600,000","613,300,000"
ReconciledCostOfRevenue,"4,303,000,000","937,000,000","800,000,000","1,639,000,000","926,870,000","958,139,000","781,334,000","1,580,975,000","842,149,000","1,819,608,000","1,609,860,000","2,511,020,000","1,695,787,000","1,607,986,000","1,365,600,000","2,914,000,000","1,936,244,000","1,919,300,000","1,694,795,000","2,913,454,000","1,846,622,000","1,924,804,000","1,682,016,000","2,782,769,000","1,629,437,000","1,727,129,000","1,533,673,000","2,545,460,000","1,555,693,000","1,776,840,000","1,570,861,000","2,392,626,000","1,450,301,000","1,651,391,000","1,455,980,000","2,233,914,000","1,372,424,000","1,630,951,000","1,409,000,000","2,175,897,000","1,314,378,000","1,527,328,000","1,326,545,000","2,139,298,000","1,225,063,000","1,456,621,000","1,251,821,000","1,988,000,000","1,388,143,000","1,556,037,000","1,375,289,000","2,011,000,000","1,269,081,000","1,465,023,000","1,237,278,000","1,814,000,000","1,214,541,000","1,398,601,000","1,177,000,000","1,967,000,000","1,263,000,000","1,523,000,000","1,284,000,000","1,972,000,000","1,309,000,000","1,803,000,000","1,508,000,000","2,413,000,000","1,356,000,000","1,601,000,000","1,288,316,000","2,040,979,000","1,311,122,000","1,497,531,000","1,366,077,000","2,037,318,000","1,277,270,000","1,412,863,000","1,302,549,000","1,889,567,000","1,251,317,000","1,311,882,000","1,230,000,000","1,255,776,000","1,364,021,000","1,388,918,000","1,342,000,000","1,813,659,000","1,339,899,000","1,500,145,000","1,456,297,000","2,235,043,000","1,365,010,000","1,451,855,000","1,349,135,000","1,936,514,000","1,322,000,000","1,465,700,000","1,369,200,000","2,004,100,000","1,313,400,000","1,398,700,000","1,346,700,000","2,024,900,000","1,372,700,000","1,406,900,000","1,252,900,000","1,913,000,000","1,367,800,000","1,331,200,000","1,246,600,000","1,892,100,000","1,276,800,000","1,223,000,000","1,116,000,000","1,636,700,000","1,150,300,000","1,122,800,000","1,028,700,000","1,649,000,000","1,105,800,000","1,190,900,000","1,069,300,000","1,581,000,000","1,103,800,000","1,026,300,000","995,500,000","1,333,300,000","978,300,000","931,300,000","890,200,000","1,120,100,000","821,400,000","758,200,000","739,000,000","1,017,900,000","723,000,000",,,,,,,,,,,,,,,,
ReconciledDepreciation,"244,000,000","66,000,000","63,000,000","59,000,000","56,000,000","53,000,000","53,000,000","53,000,000","52,000,000","129,000,000","129,000,000","128,000,000","127,000,000","127,000,000","139,000,000","145,000,000","148,000,000","150,000,000","145,000,000","146,000,000","148,000,000","148,000,000","148,000,000","145,000,000","144,000,000","140,000,000","142,000,000","140,000,000","133,000,000","124,000,000","121,000,000","122,000,000","111,000,000","113,000,000","111,000,000","111,000,000","108,000,000","109,000,000","110,000,000","108,000,000","97,000,000","102,000,000","100,000,000","102,000,000","96,000,000","96,000,000","95,000,000","101,000,000","94,000,000","98,000,000","98,000,000","103,000,000","97,000,000","97,000,000","97,000,000","105,000,000","97,000,000","97,000,000","94,000,000","93,000,000","82,000,000","84,000,000","84,000,000","88,000,000","81,000,000","88,000,000","95,000,000","86,000,000","78,000,000","77,986,000","74,014,000","78,125,000","70,141,000","72,981,000","77,753,000","105,783,000","74,532,000","77,110,000","75,575,000","54,262,000","73,639,000","78,099,000","77,000,000","73,880,000","80,031,000","82,089,000","74,000,000","65,386,000","77,498,000","68,791,000","65,325,000","76,220,000","64,107,000","67,045,000","63,774,000","64,143,000","64,500,000","68,400,000","75,400,000","71,900,000","69,700,000","69,700,000","74,700,000","86,700,000","76,900,000","74,300,000","75,400,000","73,500,000","71,800,000","72,500,000","71,800,000","71,000,000","73,500,000","71,900,000","69,500,000","70,400,000","69,500,000","59,900,000","68,000,000","68,500,000","63,900,000","70,500,000","68,500,000","65,600,000","67,100,000","52,200,000","62,100,000","61,400,000","55,300,000","54,400,000","51,600,000","50,000,000","47,400,000","44,400,000","42,600,000","44,200,000","40,300,000",,,,,,,,,,,,,,,,
NetIncomeFromContinuingOperationNetMinorityInterest,"699,000,000","99,000,000","81,000,000","428,000,000","91,025,000","120,012,000","154,905,000","592,560,000","177,054,000","374,193,000","276,616,000","860,331,000","330,582,000","-49,597,000","-296,867,000","-192,000,000","-251,992,000","37,596,000","40,255,000","-192,255,000","-42,750,000","99,034,000","47,517,000","664,072,000","85,985,000","138,874,000","94,054,000","631,745,000","121,640,000","252,422,000","152,306,000","636,017,000","164,031,000","202,477,000","250,466,000","564,813,000","131,808,000","188,357,000","156,900,000","489,620,000","91,984,000","178,914,000","142,503,000","411,396,000","73,360,000","143,649,000","124,558,000","359,000,000","94,277,000","231,194,000","165,171,000","453,000,000","61,327,000","178,667,000","112,500,000","356,000,000","14,854,000","60,263,000","3,000,000","16,000,000","4,000,000","102,000,000","98,000,000","389,000,000","12,000,000","264,000,000","53,000,000","440,000,000","24,000,000","113,000,000","98,684,000","542,086,000","-12,308,000","113,077,000","23,145,000","382,066,000","78,345,000","147,952,000","96,637,000","387,837,000","129,674,000","101,959,000","98,000,000","347,120,000","15,775,000","83,247,000","50,000,000","326,608,000","90,151,000","71,550,000","30,691,000","238,151,000","49,231,000","77,573,000","62,950,000","334,059,000","40,700,000","52,400,000","33,500,000","250,400,000","39,400,000","1,684,300,000","79,500,000","85,300,000","79,700,000","27,600,000","24,900,000","213,400,000","159,500,000","33,200,000","28,200,000","216,200,000","657,300,000","48,800,000","39,200,000","256,700,000","90,500,000","53,800,000","47,300,000","196,300,000","82,200,000","68,200,000","44,200,000","243,900,000","80,000,000","80,100,000","51,500,000","200,300,000","72,900,000","79,200,000","50,900,000","172,100,000","84,900,000","79,000,000","62,300,000","153,100,000","84,900,000",,,,,,,,,,,,,,,,
TotalUnusualItemsExcludingGoodwill,"-3,000,000",,,,,"2,000,000",,,,,"-105,000,000","0",,,,,,,,"-689,576,000",,,,,,,,,,,,,,,,,,,,"0",,,,"-93,201,000","17,603,000","3,747,000","-2,309,000","-230,000,000","-687,000","146,410,000","86,044,000","47,000,000","-832,000","58,786,000","62,328,000","8,000,000","8,228,000","-1,811,000","-1,000,000","-215,000,000","1,000,000","17,000,000","114,000,000","11,000,000","1,000,000","346,000,000",,"3,000,000","-2,000,000","-1,000,000","-1,492,000","2,653,000","-1,063,000","-1,218,000","2,628,000","4,158,000","53,311,000","18,597,000","40,934,000","-3,541,000","133,416,000","910,000","71,000,000","-16,250,000","10,729,000","4,243,000","-27,000,000","6,216,000","172,631,000","69,247,000","5,906,000","-18,740,000","6,850,000","9,947,000","12,421,000","50,140,000","20,700,000","-600,000","15,300,000","15,000,000","12,600,000","1,667,000,000","104,800,000","-261,000,000","69,000,000","6,800,000","17,400,000","-800,000","125,400,000","6,500,000","17,100,000","49,000,000","616,500,000","4,200,000","2,700,000","5,200,000","1,300,000","1,300,000","2,800,000","3,200,000","3,700,000","1,300,000","1,700,000","700,000","2,100,000","4,100,000","12,200,000","1,100,000","1,900,000","4,900,000","3,700,000","3,300,000","4,200,000","2,600,000","2,500,000","400,000","2,800,000",,,,,,,,,,,,,,,,
TotalUnusualItems,"-3,000,000",,,,,"2,000,000",,,,,"-105,000,000","0",,,,,,,,"-689,576,000",,,,,,,,,,,,,,,,,,,,"0",,,,"-93,201,000","17,603,000","3,747,000","-2,309,000","-230,000,000","-687,000","146,410,000","86,044,000","47,000,000","-832,000","58,786,000","62,328,000","8,000,000","8,228,000","-1,811,000","-1,000,000","-215,000,000","1,000,000","17,000,000","114,000,000","11,000,000","1,000,000","346,000,000",,"3,000,000","-2,000,000","-1,000,000","-1,492,000","2,653,000","-1,063,000","-1,218,000","2,628,000","4,158,000","53,311,000","18,597,000","40,934,000","-3,541,000","133,416,000","910,000","71,000,000","-16,250,000","10,729,000","4,243,000","-27,000,000","6,216,000","172,631,000","69,247,000","5,906,000","-18,740,000","6,850,000","9,947,000","12,421,000","50,140,000","20,700,000","-600,000","15,300,000","15,000,000","12,600,000","1,667,000,000","104,800,000","-261,000,000","69,000,000","6,800,000","17,400,000","-800,000","125,400,000","6,500,000","17,100,000","49,000,000","616,500,000","4,200,000","2,700,000","5,200,000","1,300,000","1,300,000","2,800,000","3,200,000","3,700,000","1,300,000","1,700,000","700,000","2,100,000","4,100,000","12,200,000","1,100,000","1,900,000","4,900,000","3,700,000","3,300,000","4,200,000","2,600,000","2,500,000","400,000","2,800,000",,,,,,,,,,,,,,,,
NormalizedEBITDA,"1,526,000,000","279,000,000","264,000,000","663,000,000","205,217,000","243,361,000","281,628,000","877,661,000","317,725,000","597,940,000","466,719,000","1,272,055,000","530,193,000","43,984,000","-315,451,000","231,000,000","-185,265,000","136,950,000","159,497,000","775,010,000","54,559,000","227,307,000","156,208,000","948,493,000","233,302,000","317,512,000","219,055,000","990,969,000","286,997,000","481,230,000","330,306,000","1,079,252,000","338,324,000","401,005,000","449,537,000","957,290,000","284,814,000","377,904,000","336,100,000","869,011,000","218,264,000","358,822,000","314,171,000","885,865,000","186,948,000","305,338,000","293,227,000","974,000,000","186,421,000","193,872,000","217,266,000","823,000,000","149,559,000","237,062,000","185,618,000","694,000,000","59,460,000","149,386,000","160,000,000","352,000,000","122,000,000","253,000,000","179,000,000","698,000,000","142,000,000","-169,000,000","203,000,000","810,000,000","147,000,000","275,986,000","261,452,000","806,629,000","73,875,000","278,113,000","123,383,000","729,165,000","74,366,000","285,456,000","154,013,000","699,213,000","-17,605,000","247,556,000","115,000,000","662,417,000","90,791,000","218,005,000","205,000,000","683,939,000","58,325,000","76,561,000","122,175,000","586,268,000","159,375,000","215,290,000","175,751,000","617,542,000","136,300,000","200,600,000","129,500,000","540,700,000","138,100,000","-1,520,900,000","26,300,000","823,600,000","103,100,000","140,200,000","107,700,000","498,700,000","34,800,000","147,500,000","108,500,000","365,900,000","-451,600,000","164,500,000","146,800,000","505,200,000","233,800,000","160,900,000","156,400,000","403,500,000","209,000,000","195,500,000","152,400,000","479,200,000","210,400,000","190,800,000","136,300,000","403,100,000","188,000,000","190,000,000","142,600,000","340,600,000","194,300,000","182,800,000","151,700,000","312,900,000","187,000,000","990,300,000","964,600,000","-2,247,400,000","1,010,600,000","893,100,000","811,100,000","-2,108,600,000","891,700,000","822,100,000","803,500,000","-1,722,300,000","803,700,000","695,300,000","661,600,000","-1,323,600,000","613,300,000"
TaxRateForCalcs,"0.252","0.22","0.277","0.257","0.233","0.239","0.194","0.251","0.22","0.251","0.216","0.255","0.193","0.177","0.28","0.27","0.091","0.101","0.336","0.27","0.27","0.232","0.185","0.211","0.361","0.36","0.206","0.292","0.36","0.336","0.346","0.352","0.368","0.374","0.322","0.358","0.355","0.364","0.386","0.378","0.35","0.367","0.393","0.35","0.35","0.374","0.35","0.381","0.226","0.162","0.336","0.37","0.396","0.268","0.398","0.336","0.35","0.329","0","0.35","0.35","0.378","0.35","0.342","0.35","0.376","0.35","0.377","0.4","0.372","0.4","0.285","0.363","0.389","0.302","0.381","0.219","0.389","0.383","0.389","0.354","0.393","0.399","0.399","0.388","0.398","0.4","0.4","0.396","0.4","0.4","0.4","0.4","0.4","0.4","0.4","0.4","0.4","0.4","0.4","0.4","0.018","0.4","0.4","0.4","0.4","0.4","0.4","0.154","0.4","0.4","0.386","0.041","0.396","0.4","0.397","0.399","0.394","0.4","0.397","0.396","0.387","0.388","0.39","0.385","0.389","0.391","0.39","0.387","0.387","0.393","0.39","0.389","0.392","0.391","0.4","0.389",,,,,,,,,,,,,,,,
TaxEffectOfUnusualItems,"0","0","0","0","0","0","0","0","0","0","0","0","0","0","0","0","0","0","0","-186,185,520","0","0","0","0","0","0","0","0","0","0","0","0","0","0","0","0","0","0","0","0","0","0","0","-32,620,350","6,161,050","1,402,274.666","-808,150","-87,637,931.034","-155,563.443","23,778,059.285","28,885,621.592","17,388,038.943","-329,314.72","15,757,538.929","24,796,285.999","2,686,567.164","2,879,800","-594,956.088","0","-75,250,000","350,000","6,426,829.268","39,900,000","3,759,729.272","350,000","130,056,737.589","0","1,130,311.615","-800,000","-372,222.222","-596,800","755,914.237","-385,384.297","-473,835.215","792,879.771","1,583,509.706","11,688,096.069","7,225,061.169","15,679,820.221","-1,377,719.005","47,203,603.855","357,587.268","28,312,883.436","-6,476,122.817","4,162,560.621","1,688,029.397","-10,800,000","2,486,400","68,288,036.956","27,698,800","2,362,400","-7,496,000","2,740,000","3,978,800","4,968,400","20,056,000","8,280,000","-240,000","6,120,000","6,000,000","5,040,000","29,172,256.898","41,920,000","-104,400,000","27,600,000","2,720,000","6,960,000","-320,000","19,292,307.692","2,600,000","6,840,000","18,921,067.575","25,188,968.335","1,663,366.337","1,080,000","2,064,364.576","518,272.425","512,387.387","1,120,000","1,268,982.478","1,466,960.352","502,697.842","659,279.778","273,068.267","807,692.308","1,594,965.675","4,764,497.041","428,876.028","735,071.489","1,896,284.83","1,455,303.933","1,286,777.738","1,632,829.374","1,020,000","977,517.107","160,000","1,088,552.916",,,,,,,,,,,,,,,,